2205 3072
176 749 198 766 lo

171 1266 195 1283 20

631 185 811 211 FRIDERICI
832 186 850 210 Ι.
871 186 1194 213 CONSTITUTIONES.
1234 190 1307 215 1162).
1345 189 1390 214 Nr.
1407 190 1464 216 ⁵205.
1813 195 1872 224 283

228 270 312 312 quod
337 271 462 312 prefata
486 271 597 301 civitas
623 271 671 302 vel
696 271 838 312 quelibet
862 283 1001 313 persona
1026 273 1125 304 habet
1149 278 1181 305 et
1204 278 1293 305 tenet
1318 275 1357 306 de
1384 277 1479 307 rebus
1509 278 1599 318 regni
1619 282 1650 309 et
1666 282 1766 308 totum
1791 279 1874 320 quod

227 333 325 363 regno
351 327 383 352 et
407 323 539 363 imperio
564 323 706 364 pertinet
731 323 797 353 sive
821 323 861 353 de
880 324 1022 355 marchia
1040 325 1090 356 vel
1108 325 1169 356 alio
1188 326 1293 363 modo,
1319 338 1444 368 quoquo
1468 329 1538 359 iure
1562 329 1610 360 vel
1629 330 1874 364 consuetudine,

228 374 278 404 vel
307 373 460 414 pertinuit
490 377 574 404 retro
604 384 622 403 a
646 373 771 404 XXXta
795 375 886 404 annis
912 376 960 405 vel
993 376 1179 416 pertinebit,
1210 377 1241 407 in
1271 378 1400 409 civitate
1426 379 1545 410 Pisana
1577 384 1608 411 et
1633 382 1702 412 eius
1727 382 1874 412 districtu

228 436 285 466 per
316 430 418 455 terras
449 429 481 455 et
510 425 641 456 insulas.
696 425 738 455 Et
770 426 976 456 concedimus
1008 432 1039 457 et
1072 427 1184 458 damus
1217 429 1247 458 in
1279 429 1409 460 feodum
1435 432 1527 462 vobis
1552 433 1739 463 comitatum
1764 438 1872 464 vestro

227 477 396 509 districtui,
423 477 505 506 sicut
530 481 619 507 tenet
642 478 737 507 turris
762 476 867 507 Benni
892 477 930 507 ad
955 478 1079 509 Arnum
1105 482 1136 509 et
1160 479 1199 510 ad
1226 480 1417 515 Cannctum,
1443 487 1475 513 et
1500 483 1573 513 inde
1599 483 1639 514 ad
1664 484 1872 519 Barbiallam,

227 532 258 558 et
281 529 362 558 sicut
386 528 483 558 trahit
513 528 552 558 ab
577 528 683 558 Ebula
712 528 751 558 ad
782 528 922 559 Mentem
949 529 1116 561 Tiniosum
1150 536 1181 561 et
1210 532 1248 562 ad
1275 532 1469 564 Burrianum
1499 538 1531 565 et
1555 535 1753 570 Quercetum
1778 540 1809 567 et
1833 537 1872 567 ad

227 580 374 610 Castrum
401 579 523 617 Cornie,
549 580 621 610 inde
647 580 685 610 ad
712 579 900 612 Scerlinum.
927 585 958 611 et
983 582 1064 612 sicut
1087 583 1186 613 trahit
1210 585 1331 614 marina
1356 585 1395 615 ad
1420 585 1552 616 Portum
1576 587 1720 621 Erculis:
1745 589 1784 619 ab
1810 589 1872 620 alia

224 638 315 673 parte
344 632 481 662 fluminis
508 632 603 665 Arni,
636 632 718 661 sicut
747 632 846 662 trahit
876 632 1048 663 Planesule
1079 639 1111 664 et
1142 636 1387 676 comprehendit
1417 638 1536 668 curiam
1562 638 1703 677 Cintorie
1734 644 1766 671 et
1790 641 1873 671 sicut

224 683 355 713 trahunt
386 684 524 713 confinia
555 684 636 713 inter
662 694 716 713 vos
743 687 773 713 et
798 683 963 714 Lucenses
988 695 1090 726 usque
1116 686 1155 716 ad
1181 692 1310 727 pontem
1336 688 1506 729 Mogionie,
1540 694 1571 720 et
1596 691 1669 721 inde
1694 692 1776 722 sieut
1799 696 1872 722 sunt

227 735 364 765 confinia
393 735 557 765 districtus
587 735 702 771 Pisane
731 734 879 765 civitatis.
970 735 1019 776 (4)
1049 736 1091 766 Et
1119 742 1153 767 ut
1177 737 1285 768 Pisani
1315 744 1346 769 et
1374 739 1416 770 hii
1446 741 1498 781 qui
1523 741 1562 772 de
1588 753 1698 773 corum
1724 743 1871 774 districtu

223 791 296 817 sunt
320 791 351 817 et
376 797 484 817 eorum
510 797 562 816 res
588 787 650 816 sint
677 786 782 821 libori,
814 787 910 816 etiam
939 787 997 817 sub
1029 789 1195 819 consulatu
1225 794 1257 819 et
1282 790 1439 822 iudicibus
1470 797 1501 823 et
1525 795 1743 834 potestatibus
1769 795 1808 826 de
1835 807 1869 826 se

224 839 300 879 ipsis
325 838 436 875 libere,
463 838 543 867 sicut
568 838 614 867 eis
639 837 803 878 placuerit.
852 837 892 867 Et
909 838 1026 869 Pisana
1046 840 1157 870 civitas
1181 841 1299 872 habeat
1324 843 1452 883 plenam
1470 844 1710 876 iuris-dicionem
1729 851 1760 876 et
1779 851 1869 888 pote-

223 894 336 920 statem
368 889 508 920 faciendi
538 890 699 919 iusticiam
731 893 761 919 et
792 890 886 919 ctiam
914 890 1086 921 vindictam
1113 897 1144 922 et
1168 892 1264 923 dandi
1296 898 1417 925 tutores
1444 900 1475 925 et
1500 896 1715 928 mundnaldos
1741 902 1772 928 et
1796 899 1870 937 alia,

223 952 285 983 que
310 941 407 972 iudex
433 941 611 971 ordinarius
637 941 686 971 vel
712 941 847 981 quilibet
873 946 1034 982 potestate
1059 943 1204 984 preditus
1229 944 1268 974 ab
1287 945 1480 986 imperatore
1500 947 1619 979 habere
1638 949 1737 980 debet
1754 961 1794 980 ex
1813 961 1870 980 sua

185 1007 194 1023 5
224 993 428 1024 iurisdicione
454 993 484 1023 in
511 1003 568 1023 suo
593 992 740 1023 districtu
765 997 796 1023 et
821 993 851 1022 in
877 1004 961 1029 suos,
987 1004 1066 1035 quos
1092 997 1310 1027 concessimus
1338 998 1367 1027 ei
1386 1001 1417 1027 et
1435 999 1659 1031 concedemus
1700 1001 1742 1031 Et
1758 1001 1869 1033 Pisani

222 1049 254 1076 et
278 1046 330 1086 qui
356 1045 394 1075 de
420 1055 528 1075 eorum
555 1044 702 1074 districtu
727 1049 800 1074 sunt
824 1056 840 1075 a
868 1045 956 1075 nulla
989 1056 1127 1086 persona
1160 1046 1301 1078 debeant
1331 1049 1468 1079 federari
1500 1061 1604 1092 neque
1636 1052 1805 1094 hospitari:
1837 1058 1868 1084 et

221 1097 329 1128 Pisani
355 1101 546 1139 potestatem
573 1097 714 1127 habeant
738 1096 874 1127 ducendi
901 1108 955 1127 eos
980 1098 1010 1127 in
1036 1098 1283 1139 expedicionem
1309 1104 1339 1130 et
1364 1101 1403 1131 ad
1421 1111 1548 1132 omnem
1567 1103 1744 1135 districtum
1764 1116 1868 1136 suum.

222 1149 263 1179 Et
287 1150 478 1190 quicumque
504 1149 745 1189 negociatorum
772 1148 908 1178 voluerit
932 1150 1070 1179 transire
1094 1150 1134 1180 ad
1160 1161 1215 1181 eos
1241 1162 1338 1182 causa
1362 1154 1564 1193 negociandi,
1591 1156 1658 1186 sive
1676 1167 1732 1198 per
1750 1162 1867 1188 terram

225 1202 291 1231 sive
318 1212 374 1242 per
398 1212 524 1242 aquam,
548 1211 660 1231 secure
685 1200 780 1230 vadat
806 1205 836 1230 et
860 1212 877 1230 a
903 1201 989 1231 nullo
1014 1201 1121 1243 aliquo
1147 1204 1275 1243 ingenio
1300 1204 1505 1245 impediatur,
1531 1207 1594 1236 nisi
1620 1208 1683 1238 sint
1707 1209 1737 1238 in
1763 1209 1867 1240 banuo

224 1253 343 1283 domini
368 1253 580 1294 imperatoris.
627 1251 859 1292 Negociatores
884 1256 991 1282 autem
1017 1253 1125 1284 Pisani
1151 1265 1208 1295 per
1233 1255 1377 1286 Siciliam
1403 1262 1435 1287 et
1459 1256 1642 1289 Calabriam
1669 1263 1700 1290 et
1717 1261 1866 1302 Apuliam

221 1309 252 1334 et
275 1305 481 1346 Principata⁰
514 1308 543 1334 ct
576 1315 633 1345 per
665 1308 766 1334 totum
798 1305 966 1344 imperium
1000 1310 1143 1336 nostrum
1180 1306 1280 1337 libere
1310 1308 1372 1338 sint
1404 1313 1436 1339 ct
1466 1309 1585 1340 vadant
1611 1321 1666 1352 per
1691 1316 1809 1343 terram
1835 1318 1867 1343 et

220 1367 334 1397 aquam
362 1357 483 1397 absque
509 1357 594 1386 omni
619 1356 754 1396 pedagio
780 1362 811 1385 et
836 1355 984 1390 drittura,
1018 1368 1075 1387 nec
1101 1364 1258 1398 cogantur
1289 1370 1396 1390 emere
1422 1361 1472 1391 vel
1499 1362 1640 1393 vendere
1665 1364 1748 1394 ultra
1773 1375 1865 1395 suum

220 1409 314 1444 velle,
340 1419 398 1439 nec
423 1409 503 1438 alius
528 1407 661 1448 quilibet
686 1408 792 1448 aliquo
818 1408 946 1447 ingenio
971 1409 1181 1449 prohibeatur
1205 1422 1222 1440 a
1248 1410 1374 1441 Pisanis
1401 1423 1520 1444 emere.
1611 1416 1657 1454 (5)
1685 1415 1725 1446 Et
1750 1427 1865 1447 conce-

220 1459 321 1490 dimus
346 1464 377 1490 et
402 1459 513 1489 damus
540 1459 628 1489 vobis
661 1460 689 1489 in
722 1458 850 1489 feodum
879 1460 952 1489 litus
978 1460 1074 1490 maris
1100 1464 1132 1491 et
1156 1464 1278 1492 tantum
1305 1463 1392 1493 iuxta
1420 1464 1489 1496 hoc.
1520 1466 1604 1506 quod
1631 1467 1731 1497 libere
1756 1467 1866 1498 Pisani

169 1523 191 1540 κε,
222 1512 251 1541 in
277 1522 314 1542 eo
339 1512 445 1541 facere
471 1521 568 1541 naves
594 1514 625 1540 et
648 1510 758 1550 galeas
784 1514 815 1540 et
841 1522 995 1541 exercere
1021 1522 1095 1542 suas
1120 1514 1337 1544 mercationes
1356 1516 1489 1555 possint,
1516 1522 1547 1546 et
1565 1518 1650 1558 quod
1668 1518 1698 1548 in
1716 1530 1753 1549 eo
1772 1520 1864 1550 nobis

166 1780 190 1798 31]

166 2036 189 2054 35

164 2295 188 2311 40

218 1563 357 1604 pertinet
390 1573 407 1592 a
438 1562 637 1592 Ciuitauecla
674 1573 776 1602 usque
809 1562 848 1592 ad
880 1562 1010 1593 Portum
1043 1563 1194 1597 Ueneris:
1232 1570 1263 1595 et
1298 1566 1382 1606 quod
1416 1567 1522 1597 nullus
1554 1570 1655 1609 possit
1686 1571 1715 1600 in
1751 1581 1788 1601 eo
1815 1572 1865 1602 vel

217 1614 364 1644 faucibus
389 1624 543 1655 aquarum
568 1614 650 1643 infra
675 1614 846 1644 terminum
872 1616 1029 1645 contentis
1054 1615 1160 1646 facere
1186 1622 1311 1657 portum
1338 1619 1386 1648 vel
1412 1619 1575 1660 applicare
1605 1631 1675 1651 cum
1702 1623 1863 1653 mercibus

219 1670 329 1696 contra
355 1666 552 1696 voluntatem
579 1665 780 1696 Pisanorum.
828 1666 982 1696 Prctcrea
1008 1666 1120 1697 damus
1139 1672 1170 1698 et
1192 1669 1396 1700 concedimus
1415 1671 1506 1701 vobis
1524 1672 1670 1702 similiter
1687 1673 1718 1703 in
1736 1674 1866 1704 feodum

219 1717 427 1748 medictatem
441 1717 580 1748 Palermi
599 1722 630 1747 et
645 1717 816 1747 Messane¹¹
835 1722 866 1747 et
881 1717 1023 1755 Salernie
1040 1724 1072 1748 et
1086 1718 1271 1760 Neapoli1n⁹
1289 1731 1359 1751 eum
1374 1721 1550 1752 medietate
1570 1733 1679 1753 eorum
1698 1724 1865 1756 districtus

219 1773 251 1799 et
276 1780 346 1799 cum
372 1769 543 1799 medietate
569 1780 717 1809 agrorum
744 1773 775 1799 et
798 1774 946 1810 portuum
973 1770 1021 1799 vel
1047 1771 1183 1800 aliorum
1209 1781 1267 1812 quq²
1293 1772 1485 1803 excoluntur
1508 1774 1548 1804 ab
1573 1774 1650 1815 ipsis
1669 1777 1864 1813 civitatibus,

217 1825 248 1851 et
277 1824 375 1851 totam
402 1821 539 1851 Gaetam
572 1826 603 1851 et
634 1821 753 1851 Mazari
783 1826 814 1851 ct
837 1821 966 1862 Trapoli
996 1833 1067 1852 eum
1101 1823 1175 1852 totis
1207 1824 1292 1863 agris
1323 1828 1354 1854 et
1384 1826 1515 1861 ceteris,
1553 1837 1612 1867 que
1643 1829 1863 1869 suprascripta

216 1877 299 1908 sunt,
325 1877 355 1903 et
376 1873 406 1902 in
424 1883 617 1913 unaquaque
635 1873 697 1902 alia
716 1873 857 1909 civitate,
883 1884 977 1914 quam
997 1873 1207 1904 Guillelmuss
1223 1875 1354 1911 detinet,
1381 1887 1491 1917 rugam
1512 1888 1606 1908 unam
1626 1889 1697 1909 cum
1716 1879 1862 1910 domibus

216 1926 462 1955 convenientem
487 1925 614 1954 Pisanis
640 1924 881 1956 mercatoribus.
972 1926 1021 1965 (ὅ)
1048 1925 1204 1956 Volumus
1236 1937 1363 1968 quoque
1395 1933 1427 1959 et
1452 1931 1623 1960 statuimus
1649 1935 1681 1961 et
1706 1931 1863 1962 faciemus

215 1976 321 2006 iurare
349 1977 534 2018 episcopum
557 1976 753 2011 Lunensem,
779 1978 830 2018 qui
857 1978 1081 2008 investituram
1106 1979 1263 2019 regalium
1288 1984 1319 2009 et
1344 1981 1514 2011 comitatus
1540 1993 1558 2012 a
1582 1982 1672 2012 nobis
1691 1985 1861 2024 receperit,

218 2028 268 2057 vel
293 2028 484 2068 quicumque
516 2028 596 2058 alius
628 2039 684 2069 pro
714 2029 806 2059 nobis
840 2030 987 2066 tenuerit,
1022 2034 1055 2059 ut
1086 2030 1183 2060 faciat
1208 2030 1342 2061 Pisanos
1375 2042 1505 2062 securos
1536 2040 1567 2063 et
1593 2045 1643 2064 res
1668 2045 1778 2065 eorum
1805 2046 1862 2077 per

216 2083 463 2113 sacramentum,
496 2079 581 2120 quod
613 2090 747 2120 persone
779 2084 810 2110 et
840 2090 888 2111 res
919 2091 1028 2111 eorum
1062 2081 1148 2119 salve
1178 2082 1241 2112 sint
1265 2083 1296 2112 in
1321 2084 1407 2113 omni
1432 2083 1579 2114 districtu
1604 2096 1660 2116 suo
1686 2097 1744 2127 per
1768 2097 1802 2116 se
1828 2091 1861 2117 et

215 2140 272 2170 per
300 2141 409 2160 omnes
441 2141 523 2161 suos.
580 2131 647 2168 Hec
679 2131 864 2172 supradicta
895 2133 1003 2163 omnia
1031 2133 1145 2163 damus
1178 2134 1208 2163 in
1241 2134 1368 2164 feodum
1401 2140 1433 2165 et
1465 2136 1673 2167 concedimus
1699 2139 1859 2168 communi

218 2181 409 2212 Pisanorum
435 2187 466 2212 et
492 2193 549 2223 per
574 2184 732 2223 presentis
759 2184 917 2225 privilegii
943 2185 1093 2225 paginam
1121 2186 1357 2219 confirmamus,
1391 2197 1485 2227 quam
1512 2189 1625 2219 subtus
1651 2200 1749 2220 aurea
1774 2190 1862 2221 bulla

216 2237 325 2263 nostra
355 2235 473 2274 signari
505 2235 664 2264 iussimus.
721 2234 762 2265 Et
793 2235 832 2265 de
864 2237 1058 2277 supradictis
1094 2238 1319 2268 investivimus
1351 2239 1486 2269 Pisanos
1520 2251 1576 2281 per
1609 2251 1730 2275 ensem,
1766 2252 1860 2282 quem

216 2295 311 2315 manu
337 2285 542 2317 tenebamus:
569 2286 681 2316 dautes
707 2287 752 2316 eis
777 2288 908 2318 terciam
927 2293 1050 2329 partem
1077 2289 1219 2319 thesauri
1238 2289 1401 2320 Gvillelmi
1419 2290 1495 2321 dicti
1516 2292 1610 2332 regis,
1630 2298 1663 2322 ut
1682 2293 1722 2322 sit
1740 2304 1860 2323 eorum.

320 2336 368 2376 (7)
394 2336 483 2367 Hocg
508 2342 557 2367 est
582 2343 820 2368 sacramentum
846 2340 929 2380 quod
956 2341 1146 2381 prestabunt
1171 2342 1331 2382 principes
1355 2341 1473 2372 domini
1497 2343 1699 2383 imperatoris
1716 2344 1858 2375 Pisanis:

214 2387 261 2417 ‘In
286 2388 415 2418 nomine
440 2388 580 2421 Domini.
606 2400 708 2419 amen.
755 2389 932 2432 Principes,
958 2393 1010 2432 qui
1036 2392 1127 2422 ibunt
1152 2393 1202 2423 vel
1228 2398 1321 2423 crunt
1346 2395 1376 2423 in
1401 2394 1613 2435 expedicione
1633 2406 1729 2437 supra
1747 2407 1857 2436 regem

213 2438 440 2470 Guillelmums
463 2441 512 2470 vel
538 2441 606 2471 eius
632 2451 855 2472 successorem
881 2443 932 2473 vel
956 2444 1096 2484 aliquem
1121 2445 1173 2485 qui
1199 2450 1316 2475 terram
1345 2446 1412 2475 eius
1431 2447 1570 2475 tenuerit
1589 2446 1749 2481 iurabunt,
1775 2448 1858 2488 quod

215 2491 319 2521 vivam
344 2502 492 2531 guerram
519 2492 637 2522 facient
662 2493 729 2522 sine
756 2494 837 2523 malo
862 2495 991 2534 ingenio
1018 2500 1049 2525 et
1074 2495 1148 2525 dolo
1174 2500 1205 2526 et
1227 2495 1362 2526 Pisanos
1388 2502 1419 2526 et
1445 2507 1555 2527 eorum
1582 2508 1633 2528 res
1659 2508 1715 2539 per
1742 2499 1858 2529 bonam

176 2557 185 2574 5
214 2541 309 2578 fidem
334 2543 506 2573 salvabunt
530 2549 561 2573 et
586 2554 639 2573 eos
666 2554 728 2574 non
753 2544 991 2586 derelinquent,
1026 2547 1086 2576 nisi
1113 2547 1194 2577 iusto
1219 2547 1280 2578 Dei
1306 2548 1536 2589 impedimento
1561 2551 1763 2587 remanserit,
1789 2551 1857 2581 sine

214 2593 325 2623 fraude
351 2598 382 2624 et
406 2595 489 2624 malo
512 2595 657 2635 ingenie,
688 2599 720 2625 et
751 2596 835 2636 quod
868 2607 927 2627 nec
957 2598 1131 2639 imperator
1155 2609 1213 2629 nec
1239 2599 1299 2640 ipsi
1324 2600 1445 2630 facient
1471 2611 1581 2640 pacem
1609 2601 1657 2630 vel
1683 2601 1779 2632 finem
1806 2603 1857 2632 vel

213 2650 358 2686 treugam
377 2646 428 2676 vel
446 2656 593 2687 guerram
612 2647 813 2677 recredutam
831 2666 869 2669 —
882 2649 949 2678 sine
967 2649 1122 2690 parabola
1137 2651 1277 2680 omnium
1293 2652 1459 2681 consulum
1476 2651 1664 2682 Pisanorum
1680 2653 1731 2683 vel
1746 2663 1857 2683 eorum

212 2697 342 2726 maioris
367 2697 481 2738 partis,
505 2698 557 2738 qui
583 2698 612 2728 in
638 2698 850 2739 expedicione
876 2705 983 2737 erunt,
1010 2701 1084 2732 data
1108 2703 1176 2732 sine
1204 2703 1232 2732 vi
1252 2721 1287 2724 e
1307 2714 1377 2732 cum
1402 2714 1477 2743 rege
1497 2703 1689 2734 Gruillelnmh
1716 2706 1764 2735 vel
1785 2706 1854 2736 eius

315 2773 379 2799 205.
405 2780 426 2797 ι’)
446 2776 480 2798 sic
499 2785 535 2798 or:
630 2775 653 2800 d)
674 2776 719 2800 l'al
743 2784 754 2806 7
776 2778 839 2800 Mefi'
855 2787 890 2802 ur.
987 2783 1008 2803 ρΙ
1030 2780 1136 2811 Neapoli
1156 2789 1192 2804 or.
1283 2780 1303 2802 fi
1324 2780 1397 2804 Guill
1420 2791 1448 2803 tw
1555 2785 1579 2803 ἕ)
1602 2791 1663 2805 nora
1685 2783 1751 2806 linea
1772 2784 1797 2807 in
1820 2794 1856 2808 ur,

214 2815 238 2844 ¹¹)
258 2817 349 2841 ouillo
369 2827 406 2841 or.

1602 2871 1654 2895 343*-
