2205 3072
410 154 473 210 2218
822 177 1006 204 FRIDERICI
1025 179 1045 204 I.
1065 178 1387 205 CONSTITUTIONES.
1420 180 1494 206 1158.
1526 180 1572 206 Nr.
1589 180 1645 207 177.

511 267 539 295 3.
563 269 619 296 Nos
649 272 743 297 autem
774 271 809 296 ad
836 270 1007 304 pleniorem⁸
1035 270 1114 304 regni
1147 271 1302 297 utilitatem
1338 271 1530 304 providentes,
1564 280 1620 298 non
1656 272 1745 298 solum
1775 272 1804 298 in
1835 274 1979 306 posterum
2009 273 2057 299 sed

408 323 492 349 etiam
517 322 675 348 huiusmodi
699 318 785 359 prius
810 322 924 348 illicitas
948 322 1133 349 alienationes
1157 323 1309 349 hactenus‘
1332 324 1509 356 perpetratas
1532 323 1584 349 hac
1607 323 1731 357 presenti
1748 324 1894 351 sanccione
1917 333 2057 350 cassamus

409 377 437 401 et
464 375 493 400 in
521 374 631 400 irritum
660 374 834 406 deducimus;
867 369 984 400 nullius
1014 375 1148 408 temporis
1177 375 1379 408 prescriptione
1403 375 1582 409 impediente,
1614 371 1767 412 emptori2
1789 371 1893 402 bonae
1917 371 1992 402 fidei
2017 372 2056 402 de

409 422 518 464 precio
545 422 671 452 actione
697 425 806 452 contra
833 421 1028 452 venditorem
1054 423 1285 463 eompetente‘.
1332 426 1445 452 Callidis
1469 427 1583 461 insuper
1599 427 1783 460 quorumdam
1800 427 2056 454 machinationibus

409 477 563 509 obviantes,
594 478 641 511 qui
664 478 758 512 precio
782 480 906 512 accepto,
936 478 1016 511 quasi
1041 478 1091 504 sub
1115 478 1207 505 colore
1230 478 1427 510 investiturae,
1458 487 1541 512 quam
1566 479 1619 505 sibi
1642 479 1725 505 licere
1754 479 1858 511 dicunt,
1887 479 1971 506 feuda
1993 488 2056 506 ven-

408 529 478 555 dunt
502 529 551 555 ctu
576 525 605 555 in
631 529 700 556 alios
724 530 905 558 transferunt.
930 538 964 555 ne
989 530 1045 556 tale
1069 530 1233 563 figmentum
1258 530 1301 556 vel
1325 530 1399 556 aliud
1424 530 1542 557 ulterius
1565 530 1594 556 in
1618 531 1743 557 fraudem
1766 531 1848 557 huius
1864 533 1978 558 nostrae
1995 541 2057 558 eon-

409 581 565 607 stitutionis
589 582 772 616 excogitetur,
798 581 926 608 omnibus
949 582 1039 608 modis
1063 582 1257 616 prohibemus;
1282 591 1354 616 pena
1371 583 1540 609 auctoritate
1557 585 1654 609 nost-ra
1674 583 1858 616 inminentev,
1882 585 1914 610 ut·
1929 584 2059 610 venditor

409 634 437 659 ct
460 635 577 667 emptor,
609 633 657 667 qui
680 635 738 659 tam
762 633 863 659 illicita
887 633 1059 660 contraxisse
1090 634 1195 668 reperti
1219 634 1331 666 fuerint,
1361 635 1474 661 feudum
1498 634 1667 666 amittantw,
1697 637 1723 661 et
1748 635 1783 661 ad
1806 635 1949 661 dominum
1972 635 2058 662 libere

409 687 573 711 revertatur.
619 686 715 712 Scriba
739 695 803 712 vero
827 685 875 719 qui
900 694 983 719 super
1006 686 1059 712 hoc
1082 685 1300 712 instrumentum
1326 683 1430 713 sciens
1455 687 1659 721 conscripserit,
1683 689 1748 721 post
1771 687 1950 714 amissionem
1974 688 2058 714 officii

409 746 471 763 cum
494 737 626 764 infamiae
650 737 773 771 periculo
797 746 908 764 manum
934 738 1084 764 ammittat.

514 791 540 820 ll.
566 794 697 820 Preterea
719 794 742 820 si
766 794 828 827 quis
851 794 1012 820 infeudatus
1037 790 1140 820 maior
1164 789 1267 820 XIIII
1293 790 1385 820 annis
1410 803 1459 820 sua
1482 794 1590 821 incuria
1608 795 1673 821 vel¹
1695 795 1870 829 negligentia
1890 804 2060 830 perannum

410 847 438 871 et
461 845 553 871 diemy
577 845 696 878 steterit,
722 846 814 880 quodz
839 846 914 872 feudi
937 846 1134 872 investituram
1158 855 1174 872 a
1198 846 1331 880 propri0²³
1354 846 1467 873 domino
1491 856 1546 873 non
1571 847 1694 881 petierit,
1725 848 1868 873 transacto
1892 847 1945 874 hoe
1968 848 2059 882 spatio

410 897 522 923 feudum
546 897 668 929 amittat,
694 899 721 924 et
745 899 780 924 ad
803 898 946 924 dominum
970 898 1074 924 redeat.

513 951 542 978 5.
568 953 698 980 Firmiter
722 949 826 980 etiamb
850 954 999 980 statuimus
1022 956 1081 980 tam
1104 954 1133 980 in
1157 954 1240 980 Italia
1263 963 1347 987 quam
1369 954 1544 987 Alemannia,
1573 957 1605 981 ut
1628 955 1796 989 quicumque
1819 956 1925 982 indicta
1948 955 2058 990 publice

411 1005 589 1039 expeditione
598 1000 613 1017 *

411 1057 598 1091 supersederit
622 1053 671 1083 vel
701 1054 799 1084 alium
826 1064 883 1095 pro
913 1065 947 1085 se
972 1054 1100 1085 domino
1125 1054 1359 1096 acceptabilem
1385 1056 1513 1087 mittere
1544 1056 1773 1097 contempserit
1796 1055 1868 1087 veltl
1892 1055 2059 1086 dimidium

410 1104 531 1135 reditus
557 1104 644 1135 feudi
668 1105 762 1136 unius
787 1105 861 1136 anni
887 1105 1015 1136 domino
1049 1116 1111 1136 non
1145 1106 1464 1142 subministraverite,
1496 1112 1609 1138 feudum
1632 1112 1707 1145 quod
1730 1112 1765 1138 ab
1789 1112 1919 1146 episeopo
1944 1107 2004 1138 velf
2025 1112 2060 1138 ab

411 1161 466 1187 alio
490 1161 603 1187 domino
632 1162 748 1188 habetss
779 1162 901 1194 amittat,
934 1164 962 1189 et
992 1162 1119 1188 dominus
1151 1162 1227 1189 feudi
1252 1162 1281 1188 in
1311 1172 1375 1189 usus
1399 1172 1462 1189 suos
1486 1163 1555 1190 illud
1578 1164 1722 1198 redigendi
1746 1158 1933 1190 omnimodi-‘3¹¹
1956 1163 2060 1190 habeat

412 1208 597 1239 facultatemi.

639 1008 753 1032 vocatus
777 1015 793 1032 a
816 1006 929 1033 domino
946 1008 1014 1033 suoC
1040 1002 1079 1033 ad
1097 1002 1231 1033 eandem
1251 1002 1489 1044 expeditionem
1507 1008 1599 1042 spatio
1617 1009 1788 1043 competenti
1807 1005 1914 1035 venire
1932 1003 2057 1035 temered

516 1266 543 1295 6.
568 1264 724 1295 Preterea
747 1265 894 1301 ducatus,
919 1264 1072 1303 marchia,
1098 1266 1270 1297 comitatus
1296 1265 1334 1296 de
1360 1271 1489 1297 caetero
1515 1277 1577 1297 non
1595 1266 1788 1298 dividaturk.
1833 1266 1931 1297 Aliud
1950 1270 2058 1297 autem
2086 1277 2097 1295 2

414 1316 555 1355 feudum,
588 1317 613 1347 si
639 1321 805 1347 consortes
830 1317 998 1352 voluerint,
1029 1316 1200 1356 dividatur,
1226 1317 1271 1348 ita
1295 1322 1330 1348 ut
1354 1328 1474 1357 omnes,
1499 1318 1551 1359 qui
1576 1322 1700 1360 partem
1725 1317 1812 1349 feudi
1837 1317 1972 1349 habent¹
1996 1318 2060 1348 iam

412 1368 506 1398 divisi
532 1368 581 1398 vel
605 1367 777 1405 dividendi,
802 1368 991 1399 fidelitatem
1010 1368 1166 1399 dominom
1183 1369 1311 1401 faciant.
1352 1369 1402 1400 Ita
1419 1374 1526 1400 tamen
1551 1374 1586 1400 ut
1604 1370 1763 1400 vassallus
1787 1380 1843 1411 pro
1862 1380 1925 1400 uno
1942 1369 2060 1400 feudou

415 1420 524 1461 plures
552 1419 698 1450 dominos
724 1420 842 1451 habere
867 1431 928 1451 non
955 1421 1198 1462 oompellatur0,
1225 1432 1283 1452 nec
1308 1421 1454 1452 dominus
1479 1421 1633 1452 feudump
1658 1421 1726 1452 sine
1751 1421 1916 1451 voluntate
1935 1421 2059 1452 vassal-

414 1471 516 1502 lorum
541 1470 580 1501 ad
605 1472 701 1502 alium
727 1472 909 1503 transferat.

516 1529 544 1557 7.
569 1527 707 1569 Insuper
731 1529 757 1558 si
782 1528 865 1559 filius
884 1529 1013 1559 vassalli
1032 1528 1193 1559 dominum
1212 1529 1392 1567 offenderit,
1417 1533 1508 1571 pater
1525 1540 1544 1560 a
1560 1529 1688 1560 domino
1706 1530 1879 1570 requisitus
1897 1528 2059 1560 deducam

413 1580 512 1610 filium
537 1580 578 1610 ad
603 1580 866 1611 satisfaciendum
891 1581 1021 1611 domino
1047 1582 1099 1612 vel
1123 1586 1158 1611 ar
1184 1592 1218 1612 se
1243 1581 1344 1612 filium
1370 1584 1511 1622 separet,
1542 1581 1685 1622 alioquin
1709 1581 1805 1612 feudo
1830 1581 1984 1623 privetur.
2026 1580 2059 1611 Si

414 1642 488 1662 vero
513 1635 604 1673 pater
628 1633 696 1662 vult
721 1637 810 1662 011111Σ4
834 1631 1005 1669 deducere,
1037 1633 1088 1662 utt
1113 1632 1301 1669 satisfaciat,
1336 1635 1368 1663 et
1391 1632 1497 1663 filiusu
1521 1633 1730 1674 contempnit,
1760 1635 1851 1674 patre
1878 1635 2003 1663 mortuo
2028 1632 2060 1663 in

414 1683 545 1714 feudum
580 1694 642 1714 non
679 1684 840 1722 succedat,
877 1685 936 1715 nisi
967 1685 1055 1725 prius
1088 1684 1215 1715 domino
1247 1685 1477 1721 satisfeceritv;
1514 1685 1648 1726 parique
1687 1685 1781 1715 modo
1813 1685 1972 1715 vassallus
2003 1695 2060 1726 pro

413 1735 561 1766 omnibus
586 1736 678 1766 suisW
701 1735 887 1766 domesticis
911 1736 1018 1767 faeiat.

516 1793 544 1822 8.
570 1791 655 1822 Illud
669 1802 796 1833 quoque
814 1793 1009 1834 precipimus
1026 1796 1070 1831 ut,
1089 1793 1115 1823 si
1130 1793 1288 1824 vassallus
1306 1793 1345 1824 de
1364 1792 1459 1824 feudo
1478 1798 1559 1824 suoX
1575 1793 1672 1823 alium
1686 1791 1881 1823 vassallumy
1897 1791 2057 1829 habuerit,

415 1848 447 1875 ct
471 1844 631 1875 vassallus
657 1844 806 1875 vassalliz
831 1844 995 1874 dominum
1020 1844 1139 1875 domini
1166 1845 1231 1875 suiz
1256 1844 1436 1883 offenderit,
1461 1845 1522 1875 nisi
1547 1855 1604 1885 pro
1630 1844 1761 1874 servitio
1787 1843 1921 1874 alterius
1939 1842 2059 1873 domini

415 1896 462 1926 sui
494 1895 554 1926 hoc
589 1896 712 1932 fecerit,
745 1906 838 1936 quem
869 1896 936 1926 sine
966 1895 1077 1926 fraude
1109 1900 1183 1927 ante
1208 1896 1329 1933 habuit,
1365 1895 1461 1927 feudo
1487 1901 1567 1926 suoX
1592 1896 1746 1937 privetur,
1772 1899 1804 1926 et
1829 1895 1868 1926 ad
1894 1895 2058 1925 dominum

416 1958 518 1985 suum,
551 1958 569 1977 a
593 1958 654 1988 quo
679 1948 748 1988 ipse
773 1947 912 1983 tenebat,
942 1952 1134 1987 revertatur,
1159 1949 1240 1979 nisia
1263 1949 1436 1989 requisitus
1461 1948 1501 1979 ab
1527 1959 1565 1978 eo
1590 1951 1722 1989 paratus
1746 1947 1844 1978 fuerit
1869 1946 2058 1977 satisfacere

415 1999 528 2030 maiori
553 1999 681 2029 domino
707 2010 801 2040 quem
827 1999 974 2036 offendit,
1001 2004 1031 2030 et
1056 2000 1116 2030 nisi
1141 2000 1300 2031 vassallus
1318 2000 1467 2041 idemque
1485 1999 1640 2038 dominus,
1667 2011 1684 2030 a
1702 2010 1759 2030 suo
1778 1999 1926 2029 dominob
1952 1998 2058 2039 requi-

415 2051 505 2089 situs,
537 2061 609 2081 eum
641 2051 692 2092 qui
726 2051 880 2082 maiorem
910 2051 1072 2082 dominum
1103 2052 1257 2082 offendit⁰
1286 2052 1468 2093 requisierit
1498 2056 1532 2082 ut
1563 2052 1751 2089 satisfaciat,
1784 2050 1913 2081 feudum
1944 2049 2058 2080 suumd

416 2103 552 2133 amittat.

517 2160 545 2189 9.
576 2158 733 2189 Preterca
771 2159 796 2189 si
832 2158 870 2189 dc
913 2158 1009 2190 feudo
1051 2159 1134 2189 inter
1175 2158 1255 2189 duos
1291 2159 1448 2189 vassallos
1491 2159 1531 2189 sit
1569 2159 1818 2197 controversia&
1859 2158 1980 2189 domini
2020 2159 2060 2189 sit

415 2211 569 2252 cognitio,
612 2215 644 2241 et
684 2222 742 2252 per
782 2222 854 2241 eum
896 2211 1118 2242 controversia
1156 2211 1355 2242 terminetur.
1411 2211 1443 2242 Si
1480 2221 1556 2242 vero
1595 2211 1679 2242 inter
1720 2211 1884 2242 dominum
1920 2213 1952 2241 et
1988 2221 2059 2241 vas-

519 2322 580 2348 177.
605 2327 625 2351 Β)
645 2325 677 2348 ad
696 2325 729 2356 pl.
749 2328 834 2349 autem
853 2324 884 2348 B.
898 2324 942 2348 Μ’,
1036 2324 1055 2352 t)
1075 2328 1196 2356 emptor
1222 2325 1243 2348 11.
1265 2325 1281 2348 f.
1301 2325 1335 2348 de
1355 2333 1394 2356 pr.
1419 2325 1577 2348 actionem
1601 2325 1715 2349 habeat
1737 2333 1759 2349 e.
1778 2333 1802 2348 v.
1823 2328 2058 2356 competentem

415 2367 506 2391 (1¹.qu
525 2368 607 2391 minus
627 2373 698 2393 recte.
814 2370 839 2399 ¹¹)
860 2370 974 2393 venduut
998 2372 1022 2393 et
1047 2369 1097 2393 (les.
1114 2367 1136 2392 C'
1149 2368 1174 2398 13
1201 2369 1277 2393 feuda
1301 2369 1374 2392 vend.
1400 2372 1423 2392 et
1442 2369 1492 2393 «les.
1515 2367 1569 2393 02.
1674 2368 1698 2397 v)
1713 2376 1764 2398 pro
1784 2376 1849 2400 pena
1870 2381 1900 2384 —
1921 2368 2059 2391 inminente

417 2412 446 2434 G.
472 2410 530 2434 Fr..-
564 2412 658 2443 plena
689 2412 881 2435 auctoritate
915 2415 1025 2436 nostra
1053 2416 1231 2436 statuentes
1263 2412 1346 2435 minus
1370 2416 1443 2436 recte.
1566 2413 1596 2439 w)
1626 2416 1770 2443 repertus
1804 2411 1905 2435 fucrit
1932 2411 2059 2435 feudum

414 2455 539 2478 amittat
561 2455 590 2478 G.
605 2454 650 2478 Fr.
739 2456 764 2476 xi
784 2463 830 2479 sua
850 2455 903 2479 eald
932 2455 962 2479 G.
977 2455 1024 2479 Fr.
1113 2454 1137 2486 y)
1157 2456 1222 2479 diem
1242 2455 1308 2479 deest
1327 2455 1351 2479 B
1363 2454 1386 2479 3.
1475 2456 1496 2483 z)
1515 2463 1565 2486 quo
1583 2454 1608 2478 V.
1686 2453 1708 2485 ³)
1729 2454 1825 2486 primo
1846 2454 1875 2477 G.
1890 2454 1950 2481 Fr..-
1969 2462 2015 2478 suo
2032 2453 2058 2477 V.

416 2496 439 2527 b)
459 2497 526 2521 deest
546 2497 572 2521 S.
661 2500 683 2526 c)
703 2506 724 2521 a.
744 2498 766 2521 (1.
786 2506 832 2521 suo
852 2502 959 2522 vocatus
979 2498 1004 2522 V.
1094 2497 1118 2527 d)
1138 2499 1205 2522 deest
1226 2500 1254 2522 G.
1269 2498 1316 2523 Fr.
1405 2500 1426 2524 Β)
1447 2499 1626 2522 ministraverit
1646 2499 1675 2522 G.
1694 2498 1738 2522 Fr.
1818 2496 1841 2528 f)
1860 2501 1904 2522 aut
1925 2498 1954 2522 G.
1969 2497 2015 2522 Fr.
2032 2497 2058 2521 V.

415 2541 438 2569 g)
459 2541 552 2564 habeat
569 2540 595 2564 Γ.
611 2540 637 2564 S.
714 2539 738 2569 11)
759 2542 877 2565 omnibus
896 2542 975 2565 modis
997 2542 1025 2565 G⁴
1041 2541 1088 2565 Fr.
1106 2541 1131 2564 V.
1202 2540 1218 2571 i)
1238 2545 1428 2573 potestatem
1451 2542 1479 2565 G.
1494 2541 1540 2565 Fr.
1609 2539 1634 2571 k)
1653 2542 1798 2566 dividentur
1814 2540 1840 2563 V.
1911 2539 1929 2571 l)
1949 2540 2016 2565 deest
2031 2540 2058 2564 V.

415 2585 446 2609 m)
467 2583 533 2607 deest
550 2583 574 2606 V.
590 2583 617 2607 P.
634 2584 661 2607 ιδ’.
732 2584 757 2609 Β)
778 2592 831 2615 pro
858 2593 918 2608 uno
942 2584 1033 2608 feudo
1053 2583 1103 2607 cles.
1125 2583 1154 2607 (τ’.
1170 2583 1215 2607 Fr.
1288 2584 1312 2613 ὓ)
1332 2593 1383 2608 non
1397 2592 1476 2616 comp.
1498 2585 1590 2609 habere
1605 2584 1636 2609 G.
1650 2584 1696 2608 Fr.
1768 2583 1792 2614 P)
1812 2584 1881 2608 feudi
1893 2583 1983 2608 B.B'.
2005 2582 2057 2608 02.

416 2628 439 2652 ¹1)
460 2626 570 2650 adducat
590 2626 620 2651 G.
636 2626 681 2650 Fr.
761 2626 781 2658 r)
801 2627 832 2650 ad
851 2626 877 2650 Γ.
959 2626 978 2657 ⁸)
997 2627 1063 2651 deest
1083 2626 1110 2651 V.
1179 2625 1197 2657 ²)
1216 2627 1284 2650 filius
1304 2627 1363 2651 adil.
1383 2627 1408 2651 V.
1480 2628 1504 2657 ὓ)
1524 2631 1569 2651 sat.
1590 2628 1657 2651 filius
1676 2631 1760 2651 autem
1782 2626 1872 2651 Lr'.F1'.
1943 2626 1967 2657 v)
1987 2626 2057 2650 satis-

415 2669 489 2693 faeiat
507 2667 536 2693 V.
625 2669 656 2698 w)
676 2670 768 2693 bouis
788 2670 846 2693 aclzl.
866 2670 932 2693 male
947 2670 972 2694 ζ’.
1069 2670 1094 2695 Χ)
1113 2670 1179 2693 deest
1200 2669 1229 2693 G.
1244 2669 1290 2693 Fr.
1386 2671 1410 2701 y)
1429 2679 1481 2694 vas.
1501 2670 1579 2694 alium
1597 2670 1622 2693 V.
1711 2670 1731 2700 z)
1751 2670 1818 2694 deest
1831 2669 1859 2694 S.
1947 2669 1970 2700 a)
1991 2669 2059 2701 prius

415 2712 475 2736 add.
497 2711 523 2736 V.
623 2711 646 2741 b)
667 2713 767 2736 domino
785 2722 831 2737 suo
851 2713 882 2736 B.
896 2713 944 2737 B'.
1051 2711 1073 2744 c)
1093 2713 1225 2737 offenderit
1242 2713 1266 2737 B
1282 2713 1302 2738 l.
1317 2712 1341 2738 3.
1446 2713 1469 2746 d)
1488 2714 1522 2738 sic
1536 2714 1570 2742 S,·
1589 2722 1663 2737 suum
1686 2713 1789 2737 feudum
1803 2712 1836 2743 P;
1865 2721 1940 2737 suum
1956 2712 1983 2742 V3
2007 2713 2059 2736 feu-

414 2755 474 2779 dum
495 2755 523 2779 G.
538 2754 584 2778 Fr.
673 2755 695 2786 θ)
715 2759 794 2780 eontr-
813 2756 845 2780 sit
865 2755 891 2780 V.

2086 744 2109 762 10

2087 1015 2109 1032 15

2087 1540 2110 1558 25·

2086 1805 2111 1823 30

2086 2062 2110 2080 3⁵

2086 2376 2111 2394 40

2085 2590 2108 2608 45
