2205 3072
191 1271 240 1290 Mai.
251 1274 282 1292 27.

188 1429 283 1450 Aut-215¹-

303 190 364 219 284
411 163 417 168 ¹
710 185 891 211 FRIDERICI
911 185 1270 211 I.CONST1TUTIONES.
1309 186 1382 211 1162.
1420 184 1538 210 Nr 205.

304 284 490 304 successore
515 273 566 304 vel
591 283 661 303 eum
687 272 749 303 alio
774 273 826 313 qui
850 272 936 303 illam
954 276 1072 303 terram
1089 272 1239 309 tenuerit.
1264 275 1295 302 et
1319 272 1387 301 sine
1412 271 1535 305 fraude.
1561 271 1663 301 donec
1681 271 1711 301 in
1731 271 1944 312 expedicione

303 330 406 356 erunt.
453 325 645 366 Preceptum
678 328 710 354 et
735 328 927 354 conventum
957 324 1076 354 factum
1102 323 1230 353 Pisanis
1255 333 1272 353 a
1297 323 1426 353 domino
1451 322 1616 353 Friderico
1642 322 1858 353 Romanorum
1884 323 1943 352 im-

303 380 452 418 peratore
477 376 601 407 salvare
626 375 782 406 iuvabunt
806 378 838 406 et
861 376 986 406 firmum
1012 375 1168 405 tenebunt
1192 385 1251 405 nec
1276 377 1370 404 erunt
1393 373 1501 414 aliquo
1526 378 1671 416 tempore
1694 375 1725 405 in
1743 374 1875 405 consilio
1893 374 1942 404 vel

303 430 386 459 facto
422 429 463 459 ibi
489 429 540 459 vel
573 428 650 459 alibi
682 431 716 458 ut
740 431 924 469 rumpatur.
957 428 1053 457 immo
1078 429 1113 457 ut
1137 427 1260 456 salvum
1286 426 1351 456 fiat.
1397 424 1439 455 Et
1463 436 1574 456 omnes
1599 429 1750 463 rectores.v
1783 436 1860 467 quos
1884 426 1943 456 im-

302 485 430 521 perator
455 481 504 511 vel
536 480 597 521 ipsi
627 480 658 509 in
688 480 831 520 partibus
863 479 925 509 illis
956 478 1192 514 constituerint,
1221 477 1383 516 iumbunt,
1415 477 1498 517 quod
1529 481 1630 508 totum
1656 478 1740 518 quod
1768 478 1945 519 imperator

301 533 427 563 Pisanis
453 533 507 563 dat
533 537 565 564 et
589 533 738 564 concedit
762 533 817 570 ibi,
846 533 929 563 sicut
952 532 983 562 in
1008 534 1162 572 precepto
1187 531 1379 565 continetur,
1408 530 1533 560 firmum
1558 530 1723 567 tenebunt,
1748 540 1807 560 nec
1831 529 1945 560 tollent

303 585 351 615 vel
378 585 524 615 minuent
547 596 606 626 per
630 596 663 615 se
689 586 738 615 vel
763 595 821 626 per
845 585 938 621 alios,
963 589 994 614 et
1020 584 1044 613 si
1070 583 1184 624 aliquis
1210 583 1349 613 voluerit
1366 581 1480 612 tollere
1499 581 1548 611 vel
1565 581 1720 619 minuere,
1746 581 1945 612 adiuvabunt

302 647 357 667 eos
382 636 455 667 inde
481 647 538 678 per
562 637 677 667 bonam
703 636 809 673 fidem,
834 636 879 666 ita
902 640 937 666 ut
961 646 1071 665 omnes
1095 638 1249 671 rectores,
1274 644 1352 675 quos
1378 633 1487 663 Pisani
1512 633 1555 663 ibi
1580 633 1814 669 constituerint,
1840 633 1945 663 iurent

301 688 453 718 adiuvare
478 691 621 718 rectores
647 698 724 728 quos
749 688 924 729 imperator
948 686 990 717 ibi
1015 686 1163 716 habuerit
1188 684 1356 716 similiter'.

404 740 450 779 (8)
475 739 562 770 Heei
586 743 635 770 est
653 740 809 770 securitas
828 739 1028 771 Pisanorum.
1053 749 1147 779 quam
1167 737 1315 767 dominus
1332 736 1515 767 Fridericus
1533 736 1709 777 imperator
1724 736 1943 767 Romanorum

301 791 442 832 prestitit
472 792 517 821 eis
548 802 606 832 per
636 795 871 822 sacramentum
902 790 1043 821 fidelium
1074 800 1203 819 suorum
1234 800 1275 819 ex
1308 799 1364 819 suo
1397 788 1547 819 mandato
1580 788 1698 818 facturn
1724 789 1753 818 in
1779 789 1944 829 presentia

301 854 375 873 sua:
424 843 471 873 'In
502 843 631 873 nomine
656 843 796 878 Domini.
829 853 931 873 amen.
984 842 1166 882 Imperator
1190 840 1339 871 dominus
1365 839 1549 870 Fridericus
1581 850 1640 870 nec
1665 851 1723 881 per
1747 850 1780 870 se
1805 850 1864 870 nee
1888 851 1945 881 per

300 894 396 924 alium
427 895 523 925 faciet
554 895 650 925 finem
685 895 735 925 vel
768 905 882 935 pacem
914 894 966 924 vel
998 897 1143 934 treguam
1175 893 1224 923 vel
1256 902 1405 933 guerram
1440 891 1643 922 recredutam
1675 892 1743 922 sine
1775 892 1945 922 concordia

300 947 439 976 «minium
466 947 633 977 consulum
658 946 850 977 Pisanorum
876 946 926 976 vel
952 956 1060 975 eorum
1085 945 1215 975 maioris
1240 944 1339 985 partis
1364 943 1450 973 facta
1467 943 1536 973 sine
1554 944 1594 979 vi,
1620 946 1652 973 et
1668 943 1752 984 quod
1770 944 1942 985 principes.

300 998 352 1038 qui
379 999 469 1028 ibunt
494 999 524 1028 in
543 998 797 1040 expedicionem,
823 1001 993 1038 antequam
1012 996 1053 1027 ad
1071 996 1316 1037 expedicionem
1333 998 1494 1031 moveant,
1519 995 1623 1025 iurare
1642 995 1747 1029 faciet.
1773 998 1806 1025 ut
1823 995 1943 1026 dictum

301 1054 359 1080 est.
407 1050 448 1079 Et
472 1051 570 1081 faciet
595 1050 773 1080 exercitum
800 1052 832 1079 et
857 1049 959 1079 vivam
984 1059 1133 1089 guerram
1159 1058 1256 1089 supra
1281 1058 1390 1087 regem
1408 1046 1636 1077 Guillelmumk
1662 1047 1711 1077 vel
1729 1047 1796 1077 eius
1815 1058 1943 1078 succes-

301 1112 405 1132 sorem
432 1102 482 1132 vel
508 1105 619 1132 contra
644 1112 772 1132 omnem
798 1101 975 1137 hominem.
1006 1101 1059 1140 qui
1089 1110 1158 1130 eam
1188 1104 1306 1130 terram
1339 1099 1479 1129 tenuerit
1503 1102 1613 1129 contra
1638 1099 1707 1129 eius
1732 1099 1943 1132 voluntatem:

300 1154 330 1183 in
362 1164 423 1194 quo
454 1154 599 1184 exercitu
630 1154 689 1184 erit
719 1154 789 1195 ipse
820 1153 870 1183 vel
901 1152 1009 1193 magni
1039 1152 1200 1193 principes
1225 1151 1417 1188 Alamannie
1442 1161 1513 1181 cum
1543 1152 1689 1182 exercitu
1721 1152 1805 1183 bona
1829 1152 1890 1183 fide
1914 1156 1945 1182 et

302 1205 369 1234 sine
394 1205 517 1236 fraude.
564 1204 606 1235 Et
630 1205 690 1235 erit
714 1205 767 1235 ille
793 1205 955 1235 exereitus
980 1204 1011 1234 in
1029 1204 1148 1244 Apulia
1172 1206 1246 1233 ante
1270 1202 1344 1233 Kal.
1363 1202 1527 1244 Septemb.
1554 1204 1699 1244 proxime
1722 1205 1890 1241 venientis.
1917 1205 1941 1234 si

298 1257 498 1287 nunciaverit
522 1257 647 1287 Pisanis
672 1257 711 1287 ab
736 1257 832 1287 hodie
858 1267 957 1297 usque
983 1255 1021 1286 ad
1048 1256 1228 1297 proximum
1254 1255 1373 1296 pascha
1398 1255 1632 1296 pentecostenl.
1659 1266 1712 1285 eos
1734 1256 1817 1285 velle
1836 1256 1942 1286 facere
1971 1262 1981 1280 2

297 1312 398 1339 ostem
425 1309 463 1339 ad
488 1308 561 1339 Kal.
587 1308 754 1350 Septemb.
801 1308 842 1338 Et
867 1308 894 1338 si
918 1307 1044 1337 Pisanis
1070 1307 1109 1337 ad
1135 1307 1313 1348 predictum
1340 1307 1509 1337 terminum
1534 1310 1739 1348 pentecostes
1758 1307 1943 1338 nunciatum

298 1371 359 1390 non
385 1360 494 1393 suerit.
520 1364 594 1391 tunc
618 1364 732 1402 postea
757 1360 865 1390 Pisani
890 1359 1010 1389 debent
1034 1359 1190 1400 prescire,
1216 1359 1241 1388 si
1266 1358 1335 1389 ficri
1360 1357 1458 1388 debet
1482 1359 1511 1388 in
1537 1359 1680 1399 sequenti
1703 1363 1817 1392 estate.
1842 1370 1944 1400 usque

300 1411 339 1442 ad
370 1412 487 1442 festum
518 1415 627 1449 sancte
651 1412 750 1448 Μαι-ῖς
774 1410 869 1441 medii
894 1410 1046 1451 Augusti.
1093 1409 1134 1439 Et
1158 1410 1182 1440 si
1208 1414 1281 1440 tunc
1307 1409 1517 1450 presciverint
1541 1410 1659 1445 Pisani,
1691 1411 1865 1441 movebunt
1888 1422 1945 1452 per

298 1467 398 1494 totum
436 1466 618 1505 proximum
654 1464 796 1495 Madium
836 1467 949 1505 postea
984 1464 1106 1504 absque
1141 1463 1254 1493 fraude
1289 1463 1340 1493 vel
1376 1472 1577 1503 quocumque
1612 1463 1749 1492 aliorum
1785 1463 1942 1492 mensium

298 1516 435 1546 voluerit
460 1516 607 1546 (lominus
632 1517 806 1557 imperator
830 1526 930 1556 usque
949 1515 987 1545 ad
1007 1514 1080 1546 Kal.
1099 1515 1275 1555 Septemb..
1302 1515 1343 1544 ita
1364 1514 1447 1555 quod
1467 1524 1507 1544 ex
1526 1518 1670 1554 tempore
1688 1514 1784 1544 medii
1803 1514 1940 1555 Augusti

296 1568 462 1608 presignet
486 1579 641 1598 mensem.
687 1567 729 1598 Et
755 1568 781 1598 si
805 1568 835 1597 in
860 1567 1006 1607 sequenti
1033 1571 1135 1596 estate
1161 1570 1236 1596 tunc
1261 1565 1447 1605 nonfuerit,
1473 1565 1593 1595 debent
1610 1566 1751 1606 prescire
1770 1576 1826 1607 per
1846 1576 1943 1596 unum

297 1630 413 1649 annum
446 1623 574 1661 tempus
606 1620 772 1656 motionis,
805 1622 836 1649 et
861 1623 936 1649 tunc
967 1619 999 1648 in
1026 1618 1130 1659 capite
1155 1618 1227 1647 anni
1258 1618 1356 1647 motio
1381 1617 1448 1647 ficri
1474 1617 1585 1654 debet,
1617 1617 1690 1647 (lum
1716 1621 1821 1648 tamen
1847 1618 1901 1648 fiat
1925 1629 1943 1648 a

296 1670 369 1702 Kal.
395 1670 492 1701 Madii
517 1682 620 1712 usque
645 1671 684 1701 ad
709 1671 782 1702 Kal.
809 1670 977 1712 Septemb.
1024 1669 1066 1700 Et
1089 1670 1264 1710 imperator
1288 1679 1344 1710 per
1369 1679 1403 1699 se
1430 1669 1489 1705 vel.
1514 1672 1548 1699 ut
1572 1668 1690 1699 dietum
1709 1673 1765 1705 est.
1791 1679 1848 1710 per
1866 1680 1940 1700 suos

297 1723 457 1763 principes
483 1734 554 1753 cum
580 1723 725 1753 exercitu
750 1723 884 1753 intrabit
909 1722 1072 1763 Apuliam,
1098 1725 1270 1762 antequam
1297 1721 1405 1751 Pisani
1431 1731 1558 1751 movere
1584 1720 1733 1751 debeant.
1780 1720 1821 1750 Et
1839 1721 1864 1751 si
1881 1721 1939 1751 im-

297 1778 426 1814 perator
450 1785 511 1805 non
536 1775 663 1805 venerit
686 1775 717 1805 iu
742 1778 855 1807 ostem.
881 1785 943 1804 non
969 1774 1057 1804 exiet
1082 1773 1120 1803 de
1146 1773 1250 1809 Italia,
1282 1773 1383 1803 donec
1410 1773 1516 1802 Pisani
1543 1777 1635 1802 erunt
1659 1773 1688 1802 in
1714 1772 1938 1814 expedicione.

296 1830 328 1855 et
352 1827 376 1856 si
402 1837 481 1867 opus
505 1826 602 1857 fuerit
626 1827 671 1857 eis
697 1826 746 1856 vel
772 1826 893 1856 civitati
919 1836 1041 1860 eorum.
1066 1826 1111 1856 eis
1135 1825 1257 1865 absque
1282 1823 1393 1854 fraude
1419 1828 1585 1854 succurret
1611 1825 1659 1854 vel
1685 1824 1819 1855 civitati.
1869 1823 1939 1854 Hoc

297 1878 492 1908 observabit.
517 1879 578 1908 nisi
605 1878 665 1908 Dei
692 1878 920 1919 impedimento
947 1877 1146 1907 remanserit.
1194 1876 1265 1911 Quo
1290 1880 1461 1907 transacto.
1492 1876 1560 1905 sine
1585 1875 1696 1905 fraude
1723 1875 1938 1916 recuperabit,

297 1930 345 1959 vel
371 1930 432 1959 nisi
458 1931 647 1960 remanserit
672 1929 846 1960 concordia
877 1929 1043 1969 utriusque
1074 1929 1183 1969 partis.
1233 1927 1271 1957 Et
1297 1927 1380 1968 quod
1411 1931 1510 1957 totum
1537 1927 1619 1967 quod
1645 1926 1700 1956 dat
1724 1930 1755 1957 et
1780 1927 1938 1962 concedit.

296 1982 378 2011 sicut
403 1983 431 2011 in
458 1985 611 2023 precepto
637 1982 828 2015 continetur.
853 1981 977 2011 firmum
1003 1980 1127 2010 tenebit
1151 1991 1210 2010 nec
1236 1979 1327 2009 tollet
1353 1979 1401 2009 vel
1427 1979 1549 2008 minuet
1573 1989 1681 2019 perse
1700 1979 1747 2007 vel
1768 1989 1824 2018 per
1841 1978 1937 2008 alium

296 2032 326 2062 id
351 2033 442 2063 vobis
467 2033 609 2065 Pisanis:
635 2038 666 2064 et
691 2034 716 2064 si
741 2034 855 2074 aliquis
881 2033 1017 2063 voluerit
1042 2032 1101 2062 hoc
1126 2032 1243 2068 facere.
1270 2042 1323 2061 vos
1348 2031 1420 2061 inde
1445 2031 1621 2060 adiuvabit.
1669 2030 1710 2060 Et
1735 2030 1759 2059 si
1778 2030 1816 2060 de
1834 2030 1937 2065 feodo.

295 2084 377 2124 quod
404 2085 495 2115 vobis
527 2084 580 2115 dat
610 2088 640 2115 et
670 2085 830 2116 concedit.
866 2085 955 2115 litem
982 2084 1030 2113 vel
1062 2083 1242 2114 molestiam
1267 2094 1285 2113 a
1309 2082 1462 2112 VVclfonc
1487 2082 1535 2112 vel
1566 2082 1635 2112 eius
1664 2082 1728 2111 filio
1753 2082 1803 2111 vel
1829 2092 1939 2112 eorum

296 2145 483 2166 successore
514 2137 563 2167 vel
599 2137 639 2166 ab
674 2137 781 2177 aliqua
811 2146 949 2177 persona
978 2146 1034 2177 pro
1066 2136 1112 2166 eis
1144 2135 1337 2171 habueritis„
1370 2145 1426 2164 vos
1458 2139 1489 2164 et
1514 2134 1676 2164 civitatem
1702 2137 1840 2163 vestram
1866 2133 1939 2163 inde

296 2187 459 2217 adiuvabit
484 2198 541 2229 per
564 2188 681 2218 bonam
707 2188 802 2219 fidem
828 2199 929 2229 usque
954 2188 994 2218 ad
1019 2188 1115 2217 finem
1141 2187 1269 2217 factam.
1318 2186 1358 2216 Et
1383 2187 1409 2216 si
1435 2196 1490 2215 vos
1521 2185 1635 2215 stando
1660 2185 1691 2215 in
1718 2185 1854 2215 servicio
1880 2185 1938 2214 im-

296 2239 452 2279 peratoris
478 2239 526 2269 vel
550 2239 697 2269 faciendo
722 2250 871 2280 guerram
896 2250 952 2280 pro
979 2250 1016 2270 eo
1041 2240 1091 2269 vel
1118 2243 1230 2280 postca
1255 2249 1293 2269 ea
1317 2238 1487 2268 occasione
1505 2237 1620 2278 aliquis
1645 2237 1738 2267 homo
1756 2237 1806 2267 vel
1826 2237 1938 2267 civitas

295 2291 409 2320 fecerit
439 2291 528 2321 vobis
559 2301 722 2331 guerram.
754 2291 826 2321 inde
858 2302 911 2321 vos
944 2291 1109 2321 adiuvabit
1133 2301 1190 2331 per
1214 2291 1331 2320 bonam
1364 2289 1456 2319 fidem
1483 2299 1583 2329 usque
1609 2288 1647 2318 ad
1674 2299 1784 2329 pacem
1809 2288 1936 2325 factam,

295 2352 353 2372 nec
379 2342 476 2372 faciet
500 2342 596 2373 finem
623 2343 690 2372 sine
715 2343 813 2373 vobis.
860 2342 902 2372 Et
932 2343 957 2373 si
982 2343 1091 2373 Pisani
1121 2342 1259 2372 fecerint
1290 2352 1439 2382 guerram
1464 2344 1615 2382 precepto
1642 2340 1841 2381 imperatoris
1867 2351 1939 2370 cum

296 2393 510 2424 lanuensibus
540 2395 590 2425 vel
623 2405 679 2435 pro
713 2395 759 2424 eis
790 2398 909 2429 ostem,
939 2394 989 2425 vel
1014 2394 1119 2435 palam
1145 2394 1240 2423 fuerit
1265 2404 1320 2423 cos
1345 2403 1493 2433 guerram
1519 2393 1565 2422 eis
1591 2403 1646 2433 pro
1672 2403 1709 2421 eo
1733 2392 1855 2425 facere.
1890 2391 1938 2422 vel

296 2445 399 2485 palam
425 2456 572 2486 guerram
598 2447 643 2476 cis
669 2445 844 2476 indixerint
868 2449 1021 2487 precepto
1047 2446 1259 2486 imperatoria.
1285 2445 1460 2486 imperator
1478 2454 1540 2474 non
1558 2444 1656 2474 faciet
1673 2454 1742 2474 cum
1762 2444 1808 2473 eis
1827 2454 1939 2484 pacem

296 2497 345 2526 vel
364 2498 456 2527 tinem
473 2498 521 2528 vel
539 2502 685 2538 treugam
700 2498 749 2528 vel
763 2508 912 2538 guerram
927 2497 1128 2528 recredutam
1148 2498 1214 2527 sine
1229 2497 1397 2527 concordia
1411 2497 1551 2526 omnium
1567 2496 1735 2526 consulum
1750 2495 1939 2525 Pisanorum

297 2549 343 2578 vel
370 2560 479 2579 corum
505 2549 633 2579 maioris
657 2550 772 2590 partis.
802 2550 887 2579 facta
912 2550 980 2579 sine
1007 2550 1033 2579 vi
1060 2552 1091 2578 ct
1116 2549 1237 2589 absque
1263 2549 1348 2578 mala
1372 2548 1552 2580 voluntate.
1585 2551 1616 2578 et
1644 2558 1740 2588 super
1764 2558 1816 2578 eos
1842 2547 1939 2577 faciet

296 2605 396 2630 ostem
430 2604 460 2630 ct
491 2601 549 2631 ibit
579 2601 617 2632 ad
645 2601 859 2633 obsidionem:
893 2601 936 2631 ita
960 2601 985 2630 si
1012 2601 1120 2631 Pisani
1146 2601 1293 2634 viderint.
1326 2610 1397 2630 eum
1424 2600 1492 2630 sinc
1516 2599 1628 2630 fraude
1652 2600 1720 2629 sine
1745 2599 1937 2639 gravissimo

297 2651 524 2691 imlwclimcnto
550 2653 609 2682 hoc
635 2653 740 2683 facere
766 2663 828 2682 uon
855 2663 963 2693 posse.
996 2655 1070 2682 tunc
1097 2663 1158 2682 non
1184 2655 1340 2682 teneatur.
1388 2651 1428 2681 Et
1454 2662 1490 2681 co
1515 2655 1670 2692 tempore.
1703 2662 1765 2691 quo
1791 2651 1937 2684 viderint,

296 2713 378 2732 eumv
394 2703 462 2733 sinc
486 2704 598 2733 fraude
625 2704 729 2734 facere
756 2714 861 2745 posse.
888 2707 1047 2734 teneatur.
1096 2704 1137 2734 Et
1163 2715 1223 2733 non
1250 2704 1346 2733 faciet
1371 2704 1505 2733 cumeis
1523 2703 1629 2737 finem.
1655 2702 1738 2743 quod
1757 2702 1935 2732 Ianuenscs

398 2806 461 2831 ⁸305).
486 2807 502 2834 l)
521 2817 585 2831 wora
607 2809 672 2831 lium!
693 2809 717 2831 in
738 2818 775 2831 (ιν.
864 2807 889 2838 k)
910 2807 1011 2832 Guilhn
1031 2818 1067 2832 or.
1156 2807 1173 2836 l)
1192 2808 1226 2831 sic
1245 2817 1281 2831 or.

1972 743 1996 760 10

1973 1002 1995 1019 15

1970 1524 1994 1542 25

1968 1782 1992 1798 30

1966 2302 1991 2319 40

1966 2557 1989 2575 45
