2205 3072
336 165 411 210 414,
744 177 926 204 FRIDERICI
943 177 964 203 Ι.
984 175 1305 203 CONSTITUTIONES.
1342 175 1415 202 1183.
1452 175 1499 201 Nr.
1513 175 1571 202 293.

336 270 469 296 versitate
501 268 649 296 Societatis
689 269 732 295 vel
769 263 827 295 abd
857 269 952 302 aliquo
985 269 1038 296 dee
1069 269 1209 295 Societate
1246 268 1289 294 vel
1328 276 1344 293 a
1376 266 1583 293 coadjutoribus
1619 261 1784 307 Societatisf
1819 262 1974 292 sustinui-

335 328 416 355 mus7
449 330 498 355 per
526 327 584 347 nos
614 321 663 347 etg
695 318 836 347 nostram
864 315 997 355 partemh
1023 320 1111 355 gratis
1142 315 1334 347 remittimus
1366 320 1395 345 et
1429 318 1632 352 plenitudinem
1659 318 1750 352 gratie
1778 317 1888 344 nostre
1922 313 1975 344 eisi

336 368 460 399 damus.

445 421 489 451 16.
517 418 645 450 Moramk
677 418 857 457 superfluaml
886 423 914 449 in
938 424 1053 450 civitate
1082 424 1153 450 velm
1176 423 1339 457 episcopatu
1363 430 1414 456 pro
1437 422 1558 456 dampno
1582 421 1705 448 civitatis
1729 430 1785 448 non
1807 417 1973 449 faciemUS.

444 472 490 503 17.
515 475 650 502 Civitates
673 475 803 501 muniren
826 476 876 501 et⁰
899 477 979 502 extra
1001 475 1172 501 munitiones
1196 474 1235 501 eis
1260 475 1350 501 facere
1373 474 1466 500 liceat.

446 523 490 554 l8.
516 527 585 553 Item
609 526 786 558 Societatem,
810 535 894 560 quam
911 535 985 552 nunc
1000 526 1114 558 habent,
1138 528 1234 552 tenere
1256 526 1291 557 et⁷
1316 525 1447 558 quotiens
1471 524 1619 557 noluerint,
1644 525 1799 551 renovareP
1823 524 1862 551 eis
1885 524 1977 551 liceat.

444 575 491 604 l9.
516 578 662 604 pactiones
686 578 786 604 timore
811 576 943 604 nostros
966 578 1009 604 vel
1033 587 1083 611 per
1106 577 1337 611 impressionem*
1360 577 1522 603 nuntiorum
1546 575 1729 603 nostrorum
1754 576 1844 603 fact-43⁵
1866 585 1916 610 pro
1937 576 1976 602 in-

336 629 417 655 fectis
440 629 604 662 habeantur,
628 638 679 656 nec
702 638 752 664 pro
776 626 830 656 eist
853 629 960 663 aliquid
983 629 1142 663 exigatur-¹¹,
1167 629 1255 662 putav
1278 628 1512 660 Placentinorum,
1536 628 1643 654 scilicet
1665 629 1779 662 pactum
1800 628 1895 662 pontis
1910 628 1978 654 Padi

337 682 393 707 etw
421 682 514 707 fictum
545 681 667 708 eiusdem
695 681 789 715 pontis
818 683 847 707 et
876 681 1013 715 regalium
1046 683 1074 707 et
1103 681 1222 706 datumx
1253 681 1281 706 et
1313 681 1434 713 paetum,
1462 680 1537 713 quod
1560 679 1706 714 episcopus
1730 679 1811 713 Hugo
1835 679 1921 706 fecity
1944 679 1978 705 de

337 734 428 760 castro
456 734 579 760 Arcuato
589 734 608 765 Ζ,
639 735 667 759 et
695 733 718 759 si
745 741 801 766 qua
832 733 907 759 alia²²
930 732 1033 759 similia
1061 734 1126 759 sunt
1135 727 1146 745 '¹
1170 732 1245 758 faeta
1268 731 1303 757 ab
1326 731 1387 765 ipso
1412 731 1542 766 episcopo
1567 732 1610 757 vel
1633 732 1667 758 ac
1690 726 1851 758 communid
1875 731 1918 757 vel
1941 731 1976 756 ab

337 785 400 811 aliis
423 785 456 811 de
480 785 621 811 Societate
644 780 813 811 nobiscum
837 785 881 811 vel
904 785 1004 811 nuntio
1027 771 1147 817 nostro,
1178 783 1240 817 ipso
1264 785 1350 817 ponte
1373 785 1536 810 remanente
1567 792 1629 810 cum
1652 783 1780 810 omnibus
1804 783 1879 809 suise
1903 782 1978 809 utili—

338 837 445 863 tatibus
468 837 646 869 Placentinis,
676 837 717 863 ita
740 838 835 863 tamen
858 837 933 870 quod
956 830 1123 863 teneanturs
1143 835 1276 869 semperg
1299 835 1406 862 solvere
1430 835 1524 861 fictum
1548 835 1689 862 abbatisse
1713 835 1813 862 Sancte
1830 830 1922 863 Iulieh
1945 835 1979 861 de

640 883 656 902 k
679 889 745 914 sunt
768 888 880 914 similes.

336 888 444 920 Brixia;
469 890 497 915 et
521 883 558 915 sii
581 897 634 922 que

440 937 490 967 20.
519 940 664 967 Sententie
693 948 812 974 quoque,
842 948 896 973 que
923 939 982 966 iure
1011 941 1040 966 et
1068 939 1218 966 secundum
1250 939 1326 973 leges
1356 940 1385 964 et
1408 938 1623 965 consuetudines
1653 940 1751 965 contra
1773 933 1912 972 aliqueml
1935 939 1978 965 vel

337 992 445 1025 aliquos
474 992 508 1018 de
537 992 678 1018 Societate
708 992 765 1018 late
796 993 869 1023 sunt,
899 993 1023 1023 teneant,
1055 991 1077 1017 si
1109 991 1231 1018 tamenm
1259 991 1292 1017 de
1321 990 1380 1017 iure
1409 991 1507 1016 contra
1530 990 1595 1016 eos¹¹
1619 991 1776 1022 tene1-ent0,
1806 990 1828 1016 si
1857 990 1978 1025 gratiam

337 1044 481 1070 nostramv
515 1039 714 1070 habuissent.
770 1043 828 1075 Que
859 1052 924 1070 vero
958 1044 1056 1069 contra
1086 1043 1208 1076 aliquem
1238 1043 1281 1068 vel
1311 1042 1421 1075 aliquos
1444 1042 1478 1068 de
1502 1041 1642 1068 Societate
1666 1042 1723 1068 late
1747 1043 1811 1068 sunt
1835 1042 1979 1068 occasione

339 1104 438 1130 guerre
462 1096 527 1122 velq
549 1095 686 1121 discordie
710 1096 775 1121 seur
798 1095 936 1122 discordie
959 1095 1083 1127 ecclesie,
1107 1095 1135 1121 in
1159 1094 1270 1120 irritum
1293 1094 1491 1120 deducanturs.

441 1144 491 1173 21.
516 1144 731 1179 Poswssiones‘,
755 1156 824 1181 quas
847 1147 965 1181 quisque
989 1147 1023 1173 de
1046 1147 1187 1173 Societate
1211 1148 1276 1172 ante
1300 1141 1432 1180 tempus¹¹
1454 1154 1554 1180 guerre
1577 1145 1649 1172 iuste
1673 1145 1796 1177 tenebat,
1820 1145 1843 1171 si
1859 1154 1908 1179 per
1925 1145 1980 1171 vim

338 1199 432 1226 ablate
462 1201 527 1225 sunt
557 1199 592 1225 ab
623 1199 666 1225 his
697 1199 745 1232 qui
768 1208 824 1225 non
848 1201 912 1225 sunt
935 1199 969 1225 de
993 1199 1142 1229 Societate,
1172 1198 1251 1224 sinev
1274 1197 1410 1223 fructibus
1435 1197 1488 1223 etW
1512 1197 1633 1231 dampno
1657 1197 1857 1228 restituantur;
1890 1197 1934 1223 vel
1958 1197 1980 1222 si

339 1252 407 1277 eas¹
430 1251 665 1285 recuperaverit&
689 1251 784 1284 quiete
808 1251 976 1286 possideat²‚
1000 1251 1074 1277 nisi⁸
1096 1259 1146 1284 per
1169 1250 1272 1276 eleetos
1297 1249 1417 1275 arbitros
1441 1249 1476 1275 ad
1499 1248 1689 1283 cognitionem
1707 1244 1862 1283 regaliumh
1887 1245 1980 1275 nobis

342 1303 520 1337 assignentur
527 1304 546 1329 ⁰.

443 1352 492 1382 22.
518 1355 634 1389 Opizoni
657 1350 836 1382 marchionid
860 1364 970 1382 omnem
994 1354 1135 1386 offensam,
1159 1363 1243 1388 quam
1267 1349 1358 1380 nobis
1375 1353 1418 1379 vel
1439 1353 1523 1379 alicui
1542 1351 1651 1379 nostre
1676 1352 1785 1386 partis⁹
1808 1351 1882 1384 fecit,
1907 1353 1981 1386 post-

339 1416 423 1441 quam
446 1407 475 1433 in
498 1407 639 1434 Societate
663 1402 738 1439 suits,
762 1416 811 1441 per
834 1416 862 1433 se
886 1407 930 1433 vel
954 1415 1003 1441 per
1026 1406 1150 1440 aliquam
1174 1414 1322 1440 personam
1347 1414 1408 1431 cum
1432 1404 1572 1432 Sooietate
1596 1405 1639 1431 vel
1663 1404 1837 1431 defendendo
1860 1404 1983 1438 aliquem

340 1459 373 1485 de
397 1459 545 1491 Societate,
569 1459 709 1493 imperiali
733 1459 882 1485 clementia
906 1467 955 1493 per
978 1464 1037 1484 nos
1062 1459 1111 1485 etg
1134 1457 1276 1484 nostram
1301 1456 1426 1494 partem
1450 1452 1632 1483 remisimus
1657 1458 1686 1482 et
1707 1451 1757 1482 inh
1780 1455 1983 1490 plenitudinem

339 1511 430 1544 gratie
463 1510 570 1537 nostre
602 1520 664 1537 eum
695 1505 892 1548 recepimus¹
922 1505 995 1537 neck
1022 1519 1073 1544 per
1096 1516 1153 1536 nos
1177 1518 1227 1536 nec
1256 1504 1317 1543 pel-¹
1346 1508 1545 1542 interpositam
1568 1516 1716 1542 personam
1739 1508 1816 1542 pro'u
1840 1507 1982 1542 preteritis

341 1563 452 1589 offensis
475 1562 528 1588 sibi
551 1563 595 1589 vel
618 1562 693 1596 parti
716 1562 804 1596 ipsius
827 1562 951 1596 aliquam
975 1558 1171 1589 inferemus¹1
1193 1561 1329 1588 lesionem
1353 1561 1396 1587 vel
1420 1556 1644 1587 coactionem0.

444 1611 494 1641 23.
517 1614 645 1648 Amplius
670 1623 731 1641 eam
755 1614 984 1645 iurisdictionem,
1015 1622 1099 1647 quam
1122 1613 1344 1639 Mediolanenses
1373 1621 1502 1639 exercere
1525 1612 1730 1638 consueverunt
1752 1611 1781 1637 in
1805 1611 1984 1638 comitatibus

341 1666 431 1700 Seprii
462 1668 491 1693 et
519 1666 678 1693 Martianep
711 1668 739 1693 et
770 1666 924 1700 Burgarieq
952 1668 981 1692 et
1003 1666 1032 1691 in
1056 1665 1119 1691 aliis
1143 1665 1347 1696 conutatibus‘,
1379 1663 1503 1697 exceptis
1530 1663 1598 1689 locis
1622 1672 1675 1697 que
1698 1663 1896 1697 Pergamenses
1920 1663 1984 1697 per8

343 1727 487 1744 commune
518 1718 600 1744 modo
630 1715 745 1745 tenentt
768 1718 842 1744 inter
864 1717 993 1744 Aduamu
1020 1719 1048 1744 et
1076 1717 1199 1743 Olliumv
1230 1719 1259 1743 et
1288 1717 1404 1750 excepto
1427 1715 1581 1742 Romanow
1604 1714 1699 1741 Veteri
1728 1716 1757 1741 et
1779 1714 1899 1741 Bariano
1909 1715 1932 1746 Χ,
1957 1716 1986 1741 et

343 1778 413 1802 eam,
437 1770 540 1803 quam?
563 1770 663 1796 modoZ
687 1771 825 1801 exercent,
857 1770 943 1796 libere
975 1771 1004 1795 et
1033 1769 1128 1802 quiete
1159 1769 1283 1795 habeant
1306 1770 1335 1794 et
1358 1767 1521 1801 possideant
1544 1767 1603 1793 sine
1627 1766 1849 1793 contradictione
1872 1765 1983 1792 nostra
2011 1773 2022 1791 1³.

345 1824 373 1848 et
395 1830 583 1848 successorum
607 1821 797 1856 nostrorum,
829 1822 934 1848 salvisa
957 1821 1030 1847 datis
1055 1816 1103 1847 etb
1127 1821 1217 1855 pactis
1241 1822 1270 1848 et
1293 1819 1537 1847 concessionibus⁰
1560 1813 1610 1845 etd
1633 1818 1662 1844 in
1690 1827 1739 1845 suo
1762 1818 1862 1845 robore
1885 1819 1984 1844 duran-

446 1927 511 1955 293.
536 1927 562 1961 d)
583 1929 649 1953 deest
667 1928 691 1954 2.
807 1928 830 1962 e)
849 1929 880 1954 de
901 1942 929 1946 -
951 1930 1142 1954 coadiutoribus
1161 1929 1211 1953 des.
1225 1927 1248 1953 8.
1365 1927 1388 1960 f)
1409 1929 1520 1954 civitatis
1539 1927 1562 1952 4.
1582 1926 1606 1952 9.
1711 1927 1736 1958 8)
1756 1935 1800 1959 per
1819 1926 1879 1951 add.
1901 1924 1985 1950 7—9.

344 1971 368 2003 ¹¹)
387 1976 485 2005 partem
504 1976 616 1997 nostram
635 1971 658 1997 8.
679 1971 702 1996 9.
790 1971 807 2002 i)
827 1972 849 1997 ei
868 1971 892 1996 2.
979 1971 1005 2004 k)
1027 1973 1111 1997 omnia
1129 1971 1152 1996 9.
1174 1970 1213 1996 10.
1301 1970 1320 2003 1)
1340 1973 1470 2004 superflua
1489 1970 1529 1996 10.
1618 1969 1649 2001 ¹¹²)
1668 1970 1695 1994 in
1713 1970 1775 1995 add.
1789 1969 1812 1994 2.
1887 1968 1913 2000 n)
1933 1977 1986 1993 mu-

345 2024 401 2040 rare
421 2015 444 2040 1.
464 2015 488 2040 2.
510 2015 548 2040 11.
569 2015 595 2040 C.
665 2014 689 2047 ⁰)
711 2015 750 2040 vel
767 2014 791 2040 4.
861 2015 886 2046 Ρ)
906 2023 1025 2040 reuocare
1043 2016 1072 2047 53
1092 2016 1238 2040 renuntiare
1253 2014 1292 2039 12.
1365 2014 1389 2047 q)
1410 2016 1498 2040 timore
1515 2014 1601 2039 habito
1616 2012 1660 2044 12;
1679 2013 1732 2037 tim.
1746 2017 1830 2038 nostro
1847 2013 1932 2037 habite
1947 2012 1986 2037 11.

344 2057 365 2089 1“)
383 2065 403 2090 p
422 2059 611 2091 impressionem
632 2058 661 2089 13
689 2067 733 2091 per
752 2059 933 2091 inpressionem
951 2058 975 2083 2.
995 2058 1023 2089 63
1051 2059 1215 2091 impressione
1234 2057 1257 2082 4.
1276 2057 1300 2082 5.
1320 2056 1344 2082 7.
1366 2056 1405 2082 10.
1427 2057 1464 2082 11.
1486 2056 1530 2088 12;
1558 2056 1683 2090 inpssideg
1701 2055 1730 2087 8;
1758 2056 1942 2088 inpossessione
1960 2054 1984 2079 9.

344 2101 366 2132 ¹³)
385 2101 452 2126 deest
472 2101 515 2131 11;
535 2105 666 2126 cassentur
684 2106 709 2126 et
727 2101 787 2126 add.
805 2102 829 2125 G.
917 2101 936 2129 t)
956 2101 995 2126 his
1014 2100 1041 2131 7;
1060 2101 1109 2125 hiis
1127 2100 1151 2126 8.
1223 2102 1247 2132 ¹¹)
1267 2101 1372 2133 exigant
1389 2099 1418 2131 5;
1437 2101 1573 2133 exigantur
1591 2099 1614 2125 8.
1686 2099 1709 2132 v)
1730 2103 1803 2132 pacta
1821 2099 1887 2123 male
1902 2097 1940 2123 10.
1961 2098 1986 2122 G.

344 2145 375 2175 w)
394 2148 419 2168 et
437 2158 469 2161 —
488 2145 571 2176 pontis
590 2145 640 2169 cles.
655 2144 677 2169 9.
699 2144 740 2169 10.
826 2143 852 2175 x)
872 2144 972 2168 dacium
992 2143 1016 2168 8.
1038 2144 1064 2168 C.
1152 2142 1176 2173 5)
1196 2144 1254 2168 fecit
1273 2144 1348 2175 episc.
1368 2144 1424 2176 Ugo
1443 2142 1536 2168 7—11.
1605 2143 1627 2173 z)
1646 2144 1759 2174 Arquato
1771 2141 1796 2167 4.
1809 2141 1832 2167 6.
1847 2140 1938 2166 9-11,
1956 2141 1987 2171 0;

345 2188 453 2211 Arcoato
476 2186 497 2212 7.
603 2188 625 2218 ¹²)
645 2187 712 2212 deese
730 2186 754 2212 8.
859 2185 883 2217 b)
903 2190 988 2212 essent
1004 2186 1031 2217 9;
1051 2188 1116 2212 facta
1134 2191 1194 2211 sunt
1212 2185 1286 2211 6—8.
1381 2188 1403 2218 θ)
1424 2187 1568 2212 concivium
1586 2187 1627 2212 vel
1646 2195 1662 2211 a
1680 2186 1741 2210 add.
1757 2185 1782 2210 9.
1869 2183 1893 2216 d)
1912 2185 1952 2208 vel
1971 2192 1988 2208 a

345 2231 474 2255 communi
496 2230 547 2255 des.
560 2228 582 2254 8.
706 2231 727 2260 ¹³)
748 2230 814 2255 deest
832 2229 860 2260 9;
880 2230 936 2254 aliis
955 2230 1015 2254 aclzl.
1031 2229 1070 2254 11.
1193 2228 1217 2260 f)
1236 2233 1352 2254 teneatur
1370 2229 1394 2254 5.
1414 2228 1437 2254 7.
1560 2229 1585 2260 8)
1603 2229 1669 2254 deest
1688 2228 1710 2254 6.
1828 2227 1852 2259 ¹¹)
1872 2227 1942 2252 iullic
1963 2226 1986 2251 1.

346 2271 363 2304 i)
383 2273 419 2297 sic
438 2272 461 2298 9.
482 2272 521 2298 10.
625 2271 650 2304 k)
670 2273 719 2298 alie
739 2273 799 2298 add.
814 2272 853 2298 11.
957 2271 976 2304 l)
995 2273 1106 2304 aliquam
1125 2271 1149 2297 6.
1254 2273 1285 2303 ¹¹¹)
1300 2281 1351 2304 pro
1370 2273 1391 2297 si
1410 2277 1495 2297 tamen
1510 2272 1540 2297 C':
1560 2273 1652 2297 sicut.
1744 2271 1768 2302 ι1)
1788 2275 1877 2296 contra
1895 2279 1937 2295 eos
1956 2271 1986 2294 de

346 2316 400 2341 iure
418 2315 442 2340 8.
530 2316 553 2346 ⁰)
573 2320 691 2341 tenentur
709 2316 731 2341 6.
820 2316 844 2346 1¹)
863 2315 930 2340 deest
948 2314 975 2345 8;
995 2316 1084 2348 prius
1103 2315 1164 2339 adel.
1180 2314 1223 2346 10;
1243 2324 1303 2339 uon
1322 2316 1382 2340 add.
1399 2316 1425 2340 0.
1495 2314 1519 2348 ί1)
1539 2319 1564 2340 et
1582 2315 1610 2346 ὃς
1629 2323 1673 2340 seu
1695 2314 1721 2339 O.
1792 2314 1813 2345 r)
1831 2314 1872 2339 vel
1891 2312 1919 2344 ὃς
1942 2322 1987 2338 seu

347 2359 470 2383 discordie
488 2358 539 2383 (les.
555 2358 593 2384 ll.
614 2358 658 2390 12;
677 2368 730 2384 seu
749 2359 905 2384 discordie
923 2359 1056 2384 ecclesie
1075 2359 1126 2383 des.
1146 2358 1171 2383 U.
1251 2358 1272 2390 εῑ)
1292 2359 1452 2384 deducuntur
1472 2358 1494 2384 7.
1564 2358 1582 2390 t)
1601 2367 1705 2383 omnes
1724 2358 1784 2382 add.
1800 2358 1826 2382 (ζ’.
1896 2356 1922 2389 ¹¹)
1939 2366 1988 2388 pro

346 2405 406 2426 aute
424 2405 524 2434 tempus
539 2402 568 2426 0:
588 2406 706 2435 tempore.
812 2402 836 2433 v)
855 2403 909 2427 siue
927 2411 993 2427 corr.
1012 2402 1039 2426 in
1058 2410 1116 2426 cum
1135 2401 1164 2432 9;
1184 2410 1222 2426 cu
1230 2410 1254 2425 m
1273 2400 1314 2426 10.
1336 2402 1361 2427 G.
1466 2403 1495 2433 W)
1516 2403 1570 2427 sine
1589 2402 1650 2427 add.
1666 2402 1691 2426 C.
1787 2400 1811 2432 x)
1831 2400 1924 2431 aliquis
1943 2399 1989 2430 11;

347 2445 380 2469 ab
399 2445 435 2469 eis
454 2443 494 2469 12.
581 2446 605 2475 Y)
625 2445 831 2478 recuperaverint
848 2444 871 2469 2.
891 2444 914 2470 7.
1002 2446 1024 2476 Ζ)
1043 2445 1186 2477 possideant
1205 2444 1228 2469 2.
1248 2444 1272 2469 9.
1360 2448 1383 2476 ὃ)
1403 2446 1444 2470 uel
1464 2446 1512 2470 nisi
1531 2445 1555 2470 5.
1635 2445 1658 2476 b)
1677 2453 1743 2469 corr.
1761 2452 1792 2469 ea*
1809 2443 1944 2476 regallium
1964 2442 1987 2467 1.

347 2487 369 2519 ⁰)
387 2488 516 2520 assignent
534 2487 557 2512 5.
679 2487 703 2520 ¹¹)
723 2488 875 2513 marchionis
893 2488 917 2513 5.
1039 2488 1062 2519 e)
1082 2492 1147 2520 part.
1166 2491 1251 2512 nostre
1270 2487 1294 2513 7.
1399 2486 1423 2519 f)
1447 2488 1513 2513 deest
1530 2487 1559 2518 5;
1588 2488 1664 2512 fuerit
1683 2486 1727 2517 11;
1756 2487 1833 2511 suerit
1850 2487 1891 2511 vel
1910 2485 1933 2511 9.
1955 2485 1987 2516 03

347 2531 396 2555 fuit
415 2545 447 2549 —
466 2531 588 2556 Societate
606 2531 657 2556 (les.
673 2530 711 2556 10.
731 2530 772 2556 12.
868 2531 892 2562 Β)
911 2540 954 2564 per
973 2531 1034 2556 add.
1049 2530 1072 2555 7.
1093 2530 1132 2555 10.
1229 2530 1254 2561 h)
1274 2531 1341 2555 deest
1358 2530 1381 2555 9.
1404 2530 1441 2555 10.
1531 2530 1548 2562 i)
1567 2531 1703 2563 recipimus
1722 2529 1746 2554 4.
1765 2529 1789 2555 5.
1810 2529 1831 2555 7.
1851 2528 1943 2553 9-12.
1960 2529 1986 2553 0.

347 2571 373 2604 k)
391 2582 437 2605 pro
456 2581 503 2598 nec
522 2582 565 2606 per
584 2573 608 2598 9.
628 2573 671 2598 10:
691 2582 785 2606 neque3
813 2582 860 2599 nec
879 2583 923 2606 per
942 2582 987 2599 nos
1006 2574 1056 2599 des.
1070 2573 1094 2598 8.
1113 2574 1186 2598 Rom.
1293 2573 1311 2605 ¹)
1331 2575 1398 2599 deest
1416 2574 1440 2599 5.
1536 2573 1568 2605 m)
1588 2582 1632 2607 pro
1654 2574 1780 2606 preteritis
1799 2573 1849 2597 des.
1864 2571 1888 2603 6,
1908 2572 1989 2604 spatio

347 2625 425 2640 caeno
445 2617 539 2642 relicto.
644 2616 669 2648 ¹¹)
693 2617 845 2642 iniuriam
869 2617 930 2641 add.
951 2617 972 2641 C
987 2621 1010 2641 et
1026 2617 1137 2647 fortasse
1158 2616 1208 2641 Est.
1316 2617 1339 2649 ⁰)
1359 2618 1478 2642 offeonem
1496 2616 1525 2648 8;
1553 2618 1730 2642 coercitionem
1751 2617 1777 2641 (J.
1882 2616 1907 2646 l‘)
1927 2623 1990 2639 mar-

348 2659 419 2683 ciane
439 2658 461 2683 1.
481 2659 504 2683 ἴ).
523 2658 546 2683 8.
643 2660 668 2690 ¹1)
688 2660 804 2692 bulgarie
822 2659 845 2685 5.
866 2659 888 2684 7.
907 2659 934 2691 9;
954 2660 1056 2685 burm-ie
1075 2659 1099 2684 8.
1195 2659 1216 2690 Υ)
1236 2660 1382 2685 civitatibus
1401 2660 1430 2691 4;
1450 2661 1583 2685 comitatus
1601 2660 1625 2685 6.
1721 2659 1741 2690 s)
1760 2668 1806 2692 pro
1824 2658 1854 2689 ὃς
1877 2666 1928 2690 pro
1947 2666 1991 2690 per

349 2703 482 2726 commune
503 2702 575 2726 modo
595 2703 625 2726 ζ’.
645 2704 768 2728 nomine
786 2707 904 2728 nostro.
975 2702 994 2733 t)
1014 2703 1087 2727 modo
1106 2706 1155 2728 teu.
1172 2711 1216 2735 per
1229 2704 1274 2728 cc}
1288 2702 1311 2727 7.
1382 2703 1408 2734 ¹¹)
1428 2704 1520 2728 addam
1540 2701 1566 2733 73
1587 2703 1660 2727 adam
1679 2702 1703 2726 S.
1774 2700 1797 2733 V)
1817 2701 1899 2726 oleum
1919 2700 1941 2725 Τ.
1959 2700 1987 2730 ὃς

349 2749 373 2768 et
391 2745 486 2769 Ollium
505 2745 556 2769 (les.
569 2744 592 2769 9.
698 2746 727 2777 w)
747 2755 854 2771 rumano
871 2745 946 2770 4—7.
1052 2746 1077 2777 ¹)
1097 2747 1215 2770 bam-iano
1233 2745 1257 2770 4.
1362 2746 1386 2777 y)
1405 2755 1436 2771 ea
1454 2755 1503 2779 que
1522 2745 1544 2770 6.
1642 2746 1663 2776 Ζ)
1682 2745 1749 2769 deest
1767 2744 1790 2768 S.
1879 2744 1902 2772 ³²)
1920 2744 1990 2768 salva

351 2787 438 2819 i9(ius)
458 2787 479 2811 9.
569 2788 593 2819 b)
613 2788 680 2813 deest
698 2788 725 2817 7:
744 2790 823 2821 pactis
842 2793 867 2814 et
884 2789 950 2813 datis
968 2788 991 2814 8.
1013 2788 1052 2814 11.
1074 2788 1111 2814 12.
1134 2790 1158 2813 Ο.
1248 2789 1270 2820 c)
1289 2790 1491 2815 confessionibus
1509 2788 1533 2814 2.
1622 2787 1647 2819 d)
1666 2789 1732 2813 deest
1751 2787 1775 2813 ἴ).

2005 734 2029 751 m

2007 992 2029 1009 15

2007 1253 2032 1272 2⁰

2010 1511 2034 1530 25

2013 2062 2037 2080 35

2013 2277 2038 2295 4⁰

2015 2705 2039 2723 5ss
