2205 3072
377 159 438 214 albi)
778 181 942 207 HEINfflCI
960 180 1004 206 Vl.
1025 180 1346 206 CONSTITUTIONES.
1383 181 1457 206 1191.
1493 179 1540 205 Nr.
1553 180 1612 206 337.

376 279 423 298 nr.
442 268 620 305 585ῄὸδῆ
644 278 722 307 (stum
738 267 851 298 nititur
867 267 964 298 codice
981 269 1000 297 1
1017 266 1109 306 (sisyn.
1124 267 1170 307 A)
1194 269 1221 297 οἱ
1236 267 1300 297 alio
1315 265 1413 297 Libro
1430 265 1546 296 iuri-mn
1561 265 1654 305 (siyn.
1670 265 1718 304 O),
1743 265 1797 305 ([1ιί
1819 267 1847 296 ct
1862 265 1927 304 ‘ipsc
1943 267 2016 295 time

377 320 517 350 ususlabat
536 320 567 349 in
584 319 742 350 Athenaeo
758 319 919 357 lauriensi,
943 329 1026 350 izmzc
1043 319 1163 358 quidem
1185 328 1248 348 non
1265 318 1427 358 reperitur,
1447 317 1504 358 fol.
1520 314 1587 348 22¹.
1612 336 1653 339 —
1676 312 1812 358 Stmnpf,
1829 315 1903 356 Ray.
1921 318 2015 346 4701.

1737 367 1790 408 (P.
1806 368 1912 406 deest.)

481 448 568 490 (203³
592 448 629 478 In
655 448 782 478 nomine
808 451 918 478 sancte
942 451 973 478 et
998 447 1161 478 individue
1186 447 1363 478 Trinitatis.
1410 446 1605 489 Heinricusb
1631 448 1743 477 sextus
1761 445 1867 476 divina
1883 445 2014 476 favente

377 501 548 531 elementia
564 500 783 531 Romanorum
808 500 984 541 imperator
1008 504 1040 530 et
1063 510 1191 541 semper
1208 502 1375 540 augustus.
1463 497 1512 540 (1)
1537 502 1615 528 Licet
1637 502 1673 528 ad
1689 502 1817 528 decorem
1834 503 1863 529 et
1877 501 2013 528 honorem

376 555 494 589 imperii,
513 555 547 581 ad
568 557 689 581 nostram
709 555 789 580 simul
809 555 925 588 gloriam
945 556 1058 589 spectet,
1078 555 1220 580 universos
1238 553 1347 587 imperii
1368 553 1454 580 nostri
1473 553 1566 579 fideles
1585 552 1730 578 confovere
1750 554 1777 578 et
1795 552 1876 581 tueri.
1900 552 2016 585 diligere

377 609 404 632 ct
426 607 565 640 amplecti.
590 606 624 632 ad
649 607 758 632 illorum
783 608 876 632 tamen
901 607 1032 640 precipue
1055 607 1173 632 tutelam
1192 605 1355 640 propensius
1380 605 1503 631 studium
1527 607 1555 630 et
1577 604 1784 638 vigilantiorem
1805 613 1897 630 curam
1916 604 2014 630 merito

375 659 504 684 debemus
529 658 667 686 adhibere.
695 658 728 683 de
755 667 871 691 quorum
898 658 1052 684 devotione.
1085 658 1118 683 de
1145 666 1260 691 quorum
1286 657 1398 683 servitio
1428 658 1454 682 et
1479 657 1573 682 labore
1598 657 1670 682 circa
1693 656 1890 682 exaltationem
1917 664 2015 682 corone

376 712 466 736 nostre
486 710 582 736 melior
600 719 661 744 spes
680 710 760 735 nobis
779 710 879 744 incipit
898 711 1018 736 arridere
1037 712 1065 736 et
1083 710 1181 736 fidutia
1200 709 1353 743 provenire.
1390 709 1546 742 Congruum
1567 708 1655 742 igitur
1673 711 1700 734 et
1718 708 1884 734 rationabile
1898 707 2015 733 videtur.

376 771 424 787 nos
444 771 536 788 eorum
556 762 689 795 obsequia
708 771 768 787 cum
792 761 919 795 largiflua
941 761 1114 795 benignitate
1133 763 1161 787 et
1180 761 1317 795 imperiali
1341 760 1531 787 munificentia
1550 760 1585 786 ad
1604 760 1748 786 servicium
1769 761 1796 786 et
1815 760 1946 785 honorem
1965 759 2015 784 im-

377 814 445 847 perii
466 814 613 847 benignius
632 814 780 847 applicare,
800 822 914 847 quorum
936 813 1072 839 industria
1091 815 1119 839 et
1138 813 1236 838 virium
1258 812 1385 846 potentia
1404 812 1439 838 ad
1456 812 1671 838 conservandum
1687 811 1838 845 reipublice
1852 812 1956 837 statum
1971 820 2018 844 pre

376 867 475 893 ceteris
498 867 651 899 gloriosum
675 868 769 900 potest
793 867 917 893 conferre
934 867 1146 893 incrementum.
1236 862 1281 902 (2)
1309 866 1385 892 Unde
1402 865 1469 898 quia
1485 866 1651 892 Ianuensem
1668 865 1813 891 civitatem
1829 873 1846 890 a
1863 864 1951 898 prima
1968 872 2018 890 sua

378 917 540 942 fundatione
568 918 652 950 caput
680 926 757 942 suum
781 916 854 942 iuter
877 916 945 942 alias
972 916 1100 942 civitates
1123 916 1276 942 maritimas
1300 916 1384 941 altius
1408 916 1539 941 extulisse
1559 917 1586 941 et
1609 915 1762 949 perspicuis
1781 915 1914 941 virtutum
1934 916 2018 947 atqui·

376 969 525 994 multarum
550 969 721 1002 probitatum
746 969 874 1002 operibus
898 970 971 994 terra
994 969 1119 1001 marique
1144 969 1218 994 omni
1245 971 1368 1002 tempore
1392 968 1545 1002 prepollere
1564 968 1699 994 veraciter
1721 967 1886 995 audivimus.
1911 966 2018 1000 placuit

376 1021 467 1052 nostre
491 1020 629 1046 maiestati
654 1022 795 1046 tantorum
821 1020 949 1050 virorum,
975 1020 1097 1045 omnium
1121 1019 1251 1045 videlicet
1277 1019 1451 1045 lanuensium
1476 1019 1639 1045 fidelitatem
1660 1019 1770 1052 eligere,
1797 1020 1891 1044 tenere
1910 1020 1938 1044 et
1956 1027 2016 1044 cum

376 1071 449 1097 omni
470 1071 659 1097 benivolentia
679 1081 726 1106 pre
745 1072 808 1098 aliis
828 1080 989 1097 conservare
1008 1080 1108 1105 eosque
1128 1071 1154 1096 in
1176 1080 1290 1097 comune
1309 1071 1438 1105 congruis
1462 1071 1612 1098 honoribus
1632 1072 1660 1097 ct-
1679 1071 1860 1104 amplioribus
1880 1070 2018 1096 beneficiis

376 1132 483 1157 semper
509 1124 650 1151 honorare.
675 1124 818 1157 presertim
846 1133 906 1149 cum
930 1132 978 1149 nos
1003 1124 1125 1157 ipsorum
1145 1123 1264 1149 servitiis
1283 1125 1310 1149 et
1330 1123 1448 1149 strenuis
1467 1123 1608 1149 laboribus
1628 1124 1772 1157 gratanter
1791 1123 1833 1148 uti
1853 1122 1971 1148 maxime
1990 1121 2019 1147 in

377 1175 444 1200 mari
470 1175 614 1201 navalibus
639 1175 718 1201 belli-s
744 1176 868 1202 velimus.
891 1176 970 1201 iuxta
990 1175 1059 1201 illud
1084 1177 1176 1201 nostre
1195 1176 1349 1201 voluntatis
1373 1175 1553 1209 propositum,
1577 1184 1630 1208 quo
1650 1181 1713 1201 non·
1724 1175 1812 1201 solum
1832 1175 1860 1200 in
1880 1176 1953 1200 terra
1972 1174 2018 1199 scd

377 1227 460 1253 ctiam
481 1227 508 1252 in
528 1228 597 1253 mari
617 1228 733 1259 gloriam
755 1230 781 1254 et
801 1228 930 1254 honorem
952 1228 1089 1253 Romanie
1109 1227 1217 1261 imperii
1237 1227 1355 1253 dilatare
1376 1227 1462 1253 modis
1477 1226 1604 1253 omnibus
1620 1228 1647 1253 ct
1661 1226 1835 1253 corroborare
1849 1226 2018 1252 intendimus

375 1288 406 1304 :w
435 1279 627 1305 desideramus.
676 1279 830 1313 Eapropter
853 1282 1019 1315 cognoscant
1047 1280 1167 1305 universi
1192 1280 1285 1306 fideles
1313 1280 1422 1314 imperii
1449 1282 1589 1314 presentes
1617 1282 1645 1305 et
1674 1279 1769 1306 futuri,
1797 1279 1902 1312 quanto
1927 1277 2017 1311 grati«=

376 1334 470 1358 nosti·‹·
495 1334 521 1358 ct
546 1332 659 1358 honoris
683 1333 775 1361 titulo.
801 1336 907 1366 quanta
932 1329 1027 1359 etiam
1052 1333 1247 1359 benefitiorum
1265 1333 1423 1364 collatione,
1448 1334 1555 1366 quanto
1571 1333 1731 1359 dilectionis
1748 1332 1937 1359 emolumento
1954 1331 2019 1357 civi-

378 1386 465 1410 tatem
488 1385 571 1410 lanne
578 1379 591 1397 ‘³

616 1384 794 1410 exaltandam
811 1385 939 1411 duximus
964 1387 992 1411 et
1013 1385 1212 1411 honorandam.
1303 1380 1347 1420 (31
1372 1385 1555 1411 concedimus
1572 1385 1646 1411 enim
1663 1386 1691 1411 et
1707 1384 1842 1410 donamus
1859 1383 2019 1410 consulibus

378 1436 405 1459 vt
425 1434 533 1459 comuni
548 1434 651 1460 11111110·ι
671 1435 698 1459 111
720 1434 837 1461 feodum.
858 1438 886 1461 ut
908 1436 1037 1469 quociens
1051 1435 1157 1461 hostem
1175 1435 1216 1461 vel
1230 1435 1435 1468 expeditionem
1449 1437 1498 1461 aut
1512 1435 1661 1461 exercitum
1675 1435 1763 1460 facere
1778 1433 1924 1465 voluerint,
1944 1433 2020 1459 salva

378 1488 470 1511 tamen
492 1486 626 1512 fidelitate
649 1486 795 1519 imperiali.
820 1487 943 1513 habeant
967 1489 1054 1512 totam
1081 1487 1246 1513 maritimam
1271 1496 1285 1512 a
1309 1488 1391 1513 Portu
1412 1487 1538 1513 Monaclii
1563 1495 1650 1519 usquc
1669 1486 1704 1511 ad
1725 1486 1836 1511 Portum
1858 1485 1972 1511 Veneris
1991 1485 2018 1510 in

2044 764 2068 782 11)

2048 1026 2069 1044 15

2045 1284 2070 1302 '20

379 1539 426 1564 illo
446 1541 511 1566 oste,
532 1539 651 1565 exercitu
672 1539 712 1564 vel
734 1539 922 1572 expeditione:
942 1549 1006 1565 sanc
1026 1540 1076 1565 hoc
1095 1541 1256 1570 statuentes.
1277 1541 1308 1565 ut
1327 1541 1440 1572 propter
1458 1539 1509 1564 hoc
1529 1538 1555 1563 in
1576 1538 1673 1564 ceteris
1693 1537 1802 1563 iustitia
1821 1537 1951 1563 comitum
1971 1540 2019 1562 aut
2047 1546 2070 1564 25·

378 1592 569 1617 marchionum
593 1602 648 1617 non
672 1592 822 1618 minuatur.
912 1588 958 1627 (4)
985 1593 1052 1618 ltcin
1077 1593 1210 1619 donamus
1235 1594 1261 1618 et
1287 1592 1462 1618 concedimus
1486 1591 1515 1617 in
1539 1591 1650 1617 feodum
1675 1590 1834 1617 consulibus
1858 1592 1887 1617 ct
1909 1589 2018 1616 comuni

381 1638 484 1669 lnnuc‘l
513 1643 629 1669 liber-ain
659 1645 830 1677 potestatem
862 1643 983 1677 eligendi
1007 1654 1039 1670 ex
1064 1654 1091 1671 sc
1116 1645 1191 1678 ipsis.
1225 1643 1351 1670 firmandi
1376 1646 1403 1669 et
1431 1643 1552 1669 habendi
1576 1643 1703 1670 consules
1727 1644 1755 1669 ct
1779 1642 1818 1668 cis
1843 1642 1948 1673 utendi,
1972 1641 2018 1675 qui

378 1695 501 1721 habeant
525 1695 565 1720 ius
590 1697 618 1721 ct
641 1696 805 1721 facultatem
828 1696 944 1721 liberam
974 1696 1093 1723 faciendi
1118 1696 1256 1722 iustitiam
1280 1698 1306 1722 ct
1331 1695 1465 1729 puniendi
1489 1695 1625 1721 maleficia
1648 1695 1677 1721 in
1700 1694 1815 1721 civitate
1839 1696 1867 1720 ct
1890 1693 2019 1720 districtu

379 1756 428 1773 suo
458 1747 531 1772 bona
559 1747 620 1777 tide,
651 1747 788 1781 legittime
817 1749 845 1773 et
870 1748 1019 1773 secundum
1044 1748 1131 1774 bonos
1156 1757 1245 1774 mores
1270 1748 1356 1782 ipsius
1381 1747 1512 1778 civitatis,
1547 1747 1578 1773 et
1601 1741 1699 1772 dandi
1723 1745 1846 1771 tutores
1871 1744 1903 1771 et
1927 1751 2019 1771 cura-

381 1798 464 1824 tores
490 1798 519 1824 et
544 1794 757 1824 niundualdos
783 1798 815 1825 ct
840 1799 948 1825 cetera
973 1796 1080 1826 onmia
1104 1805 1164 1836 que
1188 1795 1287 1825 iudex
1311 1794 1489 1825 ordinarius
1507 1794 1546 1824 ab
1565 1794 1760 1835 imperatore
1779 1792 1877 1823 debet
1897 1792 2015 1823 habere
2046 1803 2057 1819 ³

380 1858 420 1877 cx
446 1857 503 1877 sua
527 1846 729 1877 iurisditione
758 1847 789 1876 in
821 1857 877 1877 suo
901 1847 1045 1878 districtu
1071 1851 1102 1878 ct
1127 1848 1157 1877 in
1183 1857 1268 1880 suos.
1294 1857 1374 1888 quos
1399 1847 1446 1877 eis
1471 1845 1688 1876 concessimus
1714 1848 1746 1875 et
1770 1843 2018 1876 concedemus&

380 1897 460 1928 ltem
486 1898 656 1928 statuimus
680 1901 715 1928 ut
739 1908 757 1928 a
782 1898 869 1928 nulla
893 1909 1031 1939 persona
1055 1898 1174 1929 fodrari
1199 1898 1340 1929 debeant
1357 1898 1406 1928 vel
1428 1898 1594 1939 hospitari.
1634 1901 1669 1927 Et
1686 1901 1725 1927 eis
1742 1900 1826 1926 aliam
1849 1902 2019 1934 potestatem

380 1964 434 1980 non
466 1954 648 1987 imponemus.
699 1949 782 1980 Item
815 1949 1020 1980 concedimus
1049 1950 1275 1985 Ianucnsibus,
1306 1953 1341 1980 ut
1370 1949 1465 1980 liceat
1497 1949 1542 1979 eis
1575 1948 1727 1979 edificare
1758 1950 1897 1978 castrum
1924 1957 2021 1988 super

381 2000 512 2031 Portum
537 2000 685 2031 Monachi
710 2001 747 2031 ad
774 2001 926 2033 honorem
951 2002 1077 2043 imperii
1103 2006 1134 2032 et
1151 2002 1391 2033 defenssionom
1409 2002 1656 2032 christianorum
1676 2003 1787 2031 contra
1805 2000 2016 2034 Sarracenos,

380 2053 424 2083 ita
454 2052 536 2093 quod
567 2053 625 2083 hoe
655 2056 793 2084 castrum
819 2053 858 2084 ab
890 2054 1049 2095 imperiali
1078 2054 1248 2084 maiestate
1278 2057 1408 2084 teneant
1431 2054 1463 2084 in
1493 2052 1588 2084 feodo
1612 2053 1644 2082 in
1674 2055 1869 2094 perpetuum
1894 2051 1953 2082 sub
1979 2062 2016 2081 eo

381 2108 499 2136 tenore.
528 2108 563 2134 ut
594 2105 697 2145 ipsum
728 2108 868 2136 castrum
893 2106 933 2135 sit
958 2105 1188 2147 compositurus
1211 2109 1242 2136 ct
1270 2109 1417 2147 paratum
1442 2105 1481 2136 ad
1507 2105 1670 2135 servitium
1695 2105 1833 2146 imperii.
1865 2114 1936 2134 cum
1961 2114 2019 2134 nos

381 2156 431 2185 vcl
462 2156 597 2196 aliquisg
627 2166 795 2186 successor
822 2161 930 2187 noster
958 2157 1155 2188 volucrimus
1185 2168 1333 2198 guerram
1366 2158 1473 2188 faeere
1499 2155 1779 2187 Massiliensibush
1804 2156 1853 2186 vel
1884 2156 1954 2185 aliis
1980 2155 2019 2185 dc

381 2207 554 2238 Provintia.
601 2207 681 2238 Item
707 2208 910 2239 concedimus
936 2209 980 2239 eis
1004 2209 1035 2239 in
1060 2209 1154 2240 feodo
1180 2213 1320 2240 castrum
1345 2209 1438 2240 Gavii
1463 2219 1534 2239 cuni
1560 2209 1762 2250 pertinentiis
1787 2208 1853 2238 suis
1877 2211 1908 2238 ct
1932 2208 2019 2237 omni

380 2259 447 2289 iure
473 2263 504 2289 et
528 2259 660 2290 comodo
685 2260 725 2290 ad
750 2261 855 2301 ipsum
878 2261 1063 2302 pertinenti.
1154 2262 1202 2297 (5)
1226 2266 1357 2292 Pudere-ri
1381 2267 1472 2291 castra
1489 2265 1590 2296 omnia,
1614 2266 1720 2298 portus,
1745 2264 1851 2298 regalia
1868 2265 1895 2290 et
1912 2272 2018 2297 posses-

380 2315 480 2346 siones.
505 2315 565 2341 iura
589 2317 615 2341 et
640 2325 683 2342 res
707 2316 859 2345 universas,
884 2317 997 2349 quasin
1015 2312 1224 2343 citramarinis*
1248 2318 1376 2351 partibus
1392 2319 1498 2349 tenent,
1522 2316 1628 2343 habent
1645 2317 1689 2342 vel
1704 2316 1857 2349 possident,
1882 2317 1931 2341 aut
1947 2315 2018 2341 alius

380 2375 474 2392 corum
498 2367 618 2398 nominey
642 2367 681 2393 eis
706 2368 881 2394 concedimus
905 2364 932 2394 et
956 2368 1091 2394 donamus
1115 2368 1143 2394 in
1167 2369 1279 2395 feodum
1300 2371 1326 2395 et
1351 2369 1384 2395 dc
1407 2368 1501 2402 gratia
1524 2370 1621 2394 nostra
1644 2367 1672 2393 in
1698 2369 1864 2401 perpetuum
1880 2367 2018 2401 imperiali

379 2418 548 2444 auctoritate
581 2419 669 2444 modis
702 2419 828 2445 omnibus
862 2420 1063 2445 confirmamus.
1114 2419 1304 2453 Proprietates
1333 2421 1428 2446 autem
1457 2421 1483 2445 et
1517 2418 1620 2445 allodia
1649 2427 1743 2445 eorum
1771 2419 1810 2445 eis
1841 2419 1927 2445 libere
1957 2427 2018 2445 con-

380 2469 508 2495 cedimus.
598 2465 644 2505 (6)
669 2471 739 2496 Item
763 2471 938 2497 concedimus
963 2472 989 2496 ct
1013 2471 1109 2496 damus
1134 2471 1172 2497 cis
1196 2471 1225 2496 in
1250 2471 1361 2497 feodum
1377 2471 1579 2505 Syracusanam
1596 2470 1739 2497 civitatem
1756 2479 1816 2496 cum
1840 2470 2019 2504 pertinentiis

380 2520 434 2545 suis
454 2520 580 2545 omnibus
599 2522 627 2545 ct
645 2520 778 2546 ducentas
797 2521 1003 2554 quinquagInta
1015 2521 1193 2547 caballariasi
1213 2523 1284 2547 terre
1304 2522 1332 2547 in
1352 2522 1424 2548 valle
1439 2522 1515 2547 Noth
1535 2521 1569 2547 acl
1589 2521 1767 2547 eaballariam
1789 2521 1864 2546 illius
1884 2522 1968 2553 terre;
1991 2523 2017 2547 ot

380 2571 401 2596 si
422 2572 491 2597 forte
510 2572 549 2597 ibi
568 2572 664 2601 deerit,
684 2572 712 2598 in
732 2574 804 2598 terra
823 2573 944 2598 comittis
958 2572 1084 2605 Symonis
1103 2572 1177 2605 quod
1195 2573 1315 2599 defuerit
1335 2573 1513 2607 compleatur.
1548 2563 1677 2598 Preterea
1694 2572 1868 2597 concedimus
1883 2573 1910 2598 ct
1923 2572 2019 2598 damus

381 2623 418 2648 cis
438 2623 466 2648 in
485 2623 596 2648 feudum
616 2623 643 2648 in
663 2632 831 2657 unaquaque
850 2623 964 2649 civitate
984 2623 1131 2650 imiritima.
1157 2632 1210 2657 que
1234 2625 1355 2658 propitia
1375 2625 1523 2650 divinitate
1543 2632 1559 2649 a
1578 2623 1656 2649 nobis
1676 2625 1757 2657 capta
1776 2623 1860 2649 fuerit
1878 2624 1921 2649 vel
1940 2623 2019 2650 nobis

381 2675 490 2704 reddita
509 2675 616 2706 deinde,
636 2685 734 2709 rugam
748 2684 829 2702 unam
844 2684 937 2702 corum
951 2676 1173 2709 negotiatoribus
1187 2676 1397 2702 convenientem
1411 2685 1471 2702 cum
1491 2675 1613 2705 ecclesia,
1633 2674 1740 2705 balneo,
1759 2674 1870 2701 fundico
1890 2676 1918 2700 ct
1931 2675 2018 2701 furno.

481 2765 546 2791 337.
573 2767 595 2796 ²)
614 2767 741 2791 chrismon
760 2768 826 2792 deest
845 2767 867 2792 2.
975 2766 998 2798 ¹³)
1018 2768 1144 2791 Hem-icus
1163 2766 1186 2791 ⁵2.
1292 2767 1315 2798 c)
1334 2769 1399 2792 Roffi
1421 2766 1442 2791 1.
1547 2765 1572 2798 d)
1591 2767 1639 2791 Iasi
1660 2765 1682 2791 1.
1772 2766 1794 2797 ὓ)
1814 2767 1976 2791 concedimus
1995 2766 2019 2791 2.

380 2807 401 2832 fl
422 2809 563 2840 expositum
583 2809 605 2833 2.
695 2810 719 2839 ἕ)
739 2808 782 2834 11119
803 2810 825 2835 l.
915 2809 938 2836 ¹¹)
957 2818 1022 2834 corr.
1043 2818 1072 2833 en:
1091 2810 1289 2834 Malsiliensilnis
1311 2810 1332 2834 1.
1420 2809 1436 2840 i)
1456 2809 1599 2834 cabalarias
1620 2809 1642 2834 1.

2046 2064 2069 2083 35

2046 2324 2071 2343 40

2046 2584 2069 2603 45
