<?xml version="1.0" encoding="UTF-8"?>
<!DOCTYPE html PUBLIC "-//W3C//DTD XHTML 1.0 Transitional//EN"
    "http://www.w3.org/TR/xhtml1/DTD/xhtml1-transitional.dtd">
<html xmlns="http://www.w3.org/1999/xhtml" xml:lang="en" lang="en">
 <head>
  <title>
</title>
<meta http-equiv="Content-Type" content="text/html;charset=utf-8" />
  <meta name='ocr-system' content='tesseract 3.04.00' />
  <meta name='ocr-capabilities' content='ocr_page ocr_carea ocr_par ocr_line ocrx_word'/>
</head>
<body>
  <div class='ocr_page' id='page_1' title='image "./monumentagelegum01geseuoft/monumentagelegum01geseuoft_0112.png"; bbox 0 0 2205 3072; ppageno 0'>
   <div class='ocr_carea' id='block_1_1' title="bbox 359 113 1579 148">
    <p class='ocr_par' dir='ltr' id='par_1_1' title="bbox 359 113 1579 148">
     <span class='ocr_line' id='line_1_1' title="bbox 359 113 1579 148; baseline 0 -9"><span class='ocrx_word' id='word_1_1' title='bbox 359 119 397 148; x_wconf 69' lang='lat'>34</span> <span class='ocrx_word' id='word_1_2' title='bbox 775 115 934 141; x_wconf 73' lang='lat' dir='ltr'>cONRADI</span> <span class='ocrx_word' id='word_1_3' title='bbox 955 115 986 141; x_wconf 86' lang='grc' dir='ltr'>ΙΙ,</span> <span class='ocrx_word' id='word_1_4' title='bbox 1007 113 1328 141; x_wconf 53' lang='lat' dir='ltr'>‹niNSTITUTssiNlfis</span> <span class='ocrx_word' id='word_1_5' title='bbox 1367 114 1440 139; x_wconf 72' lang='lat'>1027.</span> <span class='ocrx_word' id='word_1_6' title='bbox 1478 113 1523 139; x_wconf 89' lang='lat' dir='ltr'>Nr.</span> <span class='ocrx_word' id='word_1_7' title='bbox 1539 113 1579 139; x_wconf 65' lang='lat'>538.</span> 
     </span>
    </p>
   </div>
   <div class='ocr_carea' id='block_1_2' title="bbox 359 199 1992 397">
    <p class='ocr_par' dir='ltr' id='par_1_2' title="bbox 359 199 1992 397">
     <span class='ocr_line' id='line_1_2' title="bbox 360 199 1992 242; baseline -0.001 -10"><span class='ocrx_word' id='word_1_8' title='bbox 360 203 502 234; x_wconf 57' lang='lat' dir='ltr'>XVidone</span> <span class='ocrx_word' id='word_1_9' title='bbox 528 202 735 234; x_wconf 84' lang='lat' dir='ltr'>Pisturiense,</span> <span class='ocrx_word' id='word_1_10' title='bbox 760 200 869 231; x_wconf 82' lang='lat' dir='ltr'>Leone</span> <span class='ocrx_word' id='word_1_11' title='bbox 894 200 1053 233; x_wconf 85' lang='lat' dir='ltr'>Senense:</span> <span class='ocrx_word' id='word_1_12' title='bbox 1078 201 1220 232; x_wconf 83' lang='lat' dir='ltr'>Venecie</span> <span class='ocrx_word' id='word_1_13' title='bbox 1244 201 1422 242; x_wconf 79' lang='lat' dir='ltr'>provincie:</span> <span class='ocrx_word' id='word_1_14' title='bbox 1448 200 1592 231; x_wconf 84' lang='lat' dir='ltr'>Iohanne</span> <span class='ocrx_word' id='word_1_15' title='bbox 1614 200 1814 236; x_wconf 88' lang='lat' dir='ltr'>Veronense,</span> <span class='ocrx_word' id='word_1_16' title='bbox 1839 199 1992 230; x_wconf 89' lang='lat' dir='ltr'>Alberico</span> 
     </span>
     <span class='ocr_line' id='line_1_3' title="bbox 360 251 1991 292; baseline -0.002 -8"><span class='ocrx_word' id='word_1_17' title='bbox 360 254 512 289; x_wconf 81' lang='lat' dir='ltr'>Cumano,</span> <span class='ocrx_word' id='word_1_18' title='bbox 543 253 762 292; x_wconf 84' lang='lat' dir='ltr'>Helmengero</span> <span class='ocrx_word' id='word_1_19' title='bbox 788 252 980 286; x_wconf 82' lang='lat' dir='ltr'>Oenetense,</span> <span class='ocrx_word' id='word_1_20' title='bbox 1013 252 1201 283; x_wconf 79' lang='lat' dir='ltr'>Teudaldo‘l</span> <span class='ocrx_word' id='word_1_21' title='bbox 1225 253 1409 290; x_wconf 84' lang='lat' dir='ltr'>Vicentino,</span> <span class='ocrx_word' id='word_1_22' title='bbox 1444 252 1597 282; x_wconf 86' lang='lat' dir='ltr'>Rothario</span> <span class='ocrx_word' id='word_1_23' title='bbox 1620 251 1822 289; x_wconf 85' lang='lat' dir='ltr'>Tarvisian0‚</span> <span class='ocrx_word' id='word_1_24' title='bbox 1850 251 1991 282; x_wconf 89' lang='lat' dir='ltr'>Albuino</span> 
     </span>
     <span class='ocr_line' id='line_1_4' title="bbox 360 302 1992 345; baseline -0.001 -10"><span class='ocrx_word' id='word_1_25' title='bbox 360 305 569 336; x_wconf 77' lang='lat' dir='ltr'>Belluncnse:</span> <span class='ocrx_word' id='word_1_26' title='bbox 610 303 780 334; x_wconf 81' lang='lat' dir='ltr'>abbatibus</span> <span class='ocrx_word' id='word_1_27' title='bbox 821 314 946 345; x_wconf 89' lang='lat' dir='ltr'>quoque</span> <span class='ocrx_word' id='word_1_28' title='bbox 980 304 1165 335; x_wconf 70' lang='lat' dir='ltr'>Vodeloner</span> <span class='ocrx_word' id='word_1_29' title='bbox 1210 304 1437 338; x_wconf 80' lang='lat' dir='ltr'>Cluniacense,</span> <span class='ocrx_word' id='word_1_30' title='bbox 1477 303 1583 334; x_wconf 87' lang='lat' dir='ltr'>Berno</span> <span class='ocrx_word' id='word_1_31' title='bbox 1620 303 1788 343; x_wconf 82' lang='lat' dir='ltr'>Augense,</span> <span class='ocrx_word' id='word_1_32' title='bbox 1831 302 1992 334; x_wconf 88' lang='lat' dir='ltr'>Teoberto</span> 
     </span>
     <span class='ocr_line' id='line_1_5' title="bbox 359 354 1991 397; baseline 0 -12"><span class='ocrx_word' id='word_1_33' title='bbox 359 357 398 386; x_wconf 82' lang='lat' dir='ltr'>‹le</span> <span class='ocrx_word' id='word_1_34' title='bbox 423 356 539 387; x_wconf 81' lang='lat' dir='ltr'>Sancto</span> <span class='ocrx_word' id='word_1_35' title='bbox 565 356 702 397; x_wconf 62' lang='lat' dir='ltr'>Angelo⁹</span> <span class='ocrx_word' id='word_1_36' title='bbox 736 356 913 387; x_wconf 86' lang='lat' dir='ltr'>Benedicto</span> <span class='ocrx_word' id='word_1_37' title='bbox 939 356 1110 395; x_wconf 82' lang='lat' dir='ltr'>Sextense,</span> <span class='ocrx_word' id='word_1_38' title='bbox 1141 356 1332 387; x_wconf 84' lang='lat' dir='ltr'>Chuonrado</span> <span class='ocrx_word' id='word_1_39' title='bbox 1364 356 1472 387; x_wconf 79' lang='lat' dir='ltr'>Sancti</span> <span class='ocrx_word' id='word_1_40' title='bbox 1498 356 1618 391; x_wconf 81' lang='lat' dir='ltr'>Savini,</span> <span class='ocrx_word' id='word_1_41' title='bbox 1643 355 1784 385; x_wconf 90' lang='lat' dir='ltr'>Widone</span> <span class='ocrx_word' id='word_1_42' title='bbox 1809 355 1847 385; x_wconf 89' lang='lat' dir='ltr'>de</span> <span class='ocrx_word' id='word_1_43' title='bbox 1874 354 1991 386; x_wconf 85' lang='lat' dir='ltr'>Sancta</span> 
     </span>
    </p>
   </div>
   <div class='ocr_carea' id='block_1_3' title="bbox 360 406 2044 449">
    <p class='ocr_par' dir='ltr' id='par_1_3' title="bbox 360 406 2044 449">
     <span class='ocr_line' id='line_1_6' title="bbox 360 406 2044 449; baseline -0.001 -11"><span class='ocrx_word' id='word_1_44' title='bbox 360 408 527 440; x_wconf 83' lang='lat' dir='ltr'>Trinitate,</span> <span class='ocrx_word' id='word_1_45' title='bbox 553 408 690 438; x_wconf 87' lang='lat' dir='ltr'>Alberto</span> <span class='ocrx_word' id='word_1_46' title='bbox 715 407 753 438; x_wconf 85' lang='lat' dir='ltr'>de</span> <span class='ocrx_word' id='word_1_47' title='bbox 780 407 898 438; x_wconf 81' lang='lat' dir='ltr'>Sancto</span> <span class='ocrx_word' id='word_1_48' title='bbox 918 408 1084 449; x_wconf 81' lang='lat' dir='ltr'>Apostolo,</span> <span class='ocrx_word' id='word_1_49' title='bbox 1110 408 1253 439; x_wconf 78' lang='lat' dir='ltr'>Iohanne</span> <span class='ocrx_word' id='word_1_50' title='bbox 1271 408 1310 439; x_wconf 88' lang='lat' dir='ltr'>de</span> <span class='ocrx_word' id='word_1_51' title='bbox 1329 408 1447 438; x_wconf 83' lang='lat' dir='ltr'>Sancto</span> <span class='ocrx_word' id='word_1_52' title='bbox 1466 407 1632 448; x_wconf 84' lang='lat' dir='ltr'>Sepulcro,</span> <span class='ocrx_word' id='word_1_53' title='bbox 1657 407 1797 437; x_wconf 60' lang='lat' dir='ltr'>WVidone</span> <span class='ocrx_word' id='word_1_54' title='bbox 1814 406 1852 437; x_wconf 89' lang='lat' dir='ltr'>de</span> <span class='ocrx_word' id='word_1_55' title='bbox 1870 406 1994 444; x_wconf 88' lang='lat' dir='ltr'>Leuna,</span> <span class='ocrx_word' id='word_1_56' title='bbox 2034 414 2044 431; x_wconf 56' lang='lat' dir='ltr'>f*</span> 
     </span>
    </p>
   </div>
   <div class='ocr_carea' id='block_1_4' title="bbox 359 458 2000 1431">
    <p class='ocr_par' dir='ltr' id='par_1_4' title="bbox 359 458 1995 603">
     <span class='ocr_line' id='line_1_7' title="bbox 360 458 1994 500; baseline -0.001 -11"><span class='ocrx_word' id='word_1_57' title='bbox 360 459 500 489; x_wconf 64' lang='lat' dir='ltr'>W&#39;idone</span> <span class='ocrx_word' id='word_1_58' title='bbox 532 459 571 489; x_wconf 89' lang='lat' dir='ltr'>de</span> <span class='ocrx_word' id='word_1_59' title='bbox 597 459 716 489; x_wconf 82' lang='lat' dir='ltr'>Sancta</span> <span class='ocrx_word' id='word_1_60' title='bbox 748 459 867 489; x_wconf 86' lang='lat' dir='ltr'>Maria.</span> <span class='ocrx_word' id='word_1_61' title='bbox 900 459 997 489; x_wconf 88' lang='lat' dir='ltr'>Petro</span> <span class='ocrx_word' id='word_1_62' title='bbox 1028 459 1067 490; x_wconf 93' lang='lat' dir='ltr'>de</span> <span class='ocrx_word' id='word_1_63' title='bbox 1097 460 1216 490; x_wconf 82' lang='lat' dir='ltr'>Sancto</span> <span class='ocrx_word' id='word_1_64' title='bbox 1242 459 1338 490; x_wconf 89' lang='lat' dir='ltr'>Petro</span> <span class='ocrx_word' id='word_1_65' title='bbox 1370 459 1408 489; x_wconf 86' lang='lat' dir='ltr'>ad</span> <span class='ocrx_word' id='word_1_66' title='bbox 1434 459 1587 491; x_wconf 82' lang='lat' dir='ltr'>Vincula,</span> <span class='ocrx_word' id='word_1_67' title='bbox 1621 458 1783 500; x_wconf 81' lang='lat' dir='ltr'>Stephano</span> <span class='ocrx_word' id='word_1_68' title='bbox 1811 458 1850 489; x_wconf 89' lang='lat' dir='ltr'>de</span> <span class='ocrx_word' id='word_1_69' title='bbox 1876 458 1994 488; x_wconf 85' lang='lat' dir='ltr'>Sancto</span> 
     </span>
     <span class='ocr_line' id='line_1_8' title="bbox 360 509 1995 546; baseline -0.001 -5"><span class='ocrx_word' id='word_1_70' title='bbox 360 511 500 546; x_wconf 82' lang='lat' dir='ltr'>Andrea,</span> <span class='ocrx_word' id='word_1_71' title='bbox 532 510 656 541; x_wconf 79' lang='lat' dir='ltr'>Franco</span> <span class='ocrx_word' id='word_1_72' title='bbox 682 510 720 540; x_wconf 84' lang='lat' dir='ltr'>dc.</span> <span class='ocrx_word' id='word_1_73' title='bbox 746 510 863 541; x_wconf 84' lang='lat' dir='ltr'>Sancto</span> <span class='ocrx_word' id='word_1_74' title='bbox 888 510 1071 545; x_wconf 85' lang='lat' dir='ltr'>Anastasio,</span> <span class='ocrx_word' id='word_1_75' title='bbox 1102 511 1253 541; x_wconf 87' lang='lat' dir='ltr'>Teuzone</span> <span class='ocrx_word' id='word_1_76' title='bbox 1279 511 1538 543; x_wconf 59' lang='lat' dir='ltr'>Montisviridiss,</span> <span class='ocrx_word' id='word_1_77' title='bbox 1568 510 1665 541; x_wconf 87' lang='lat' dir='ltr'>Petro</span> <span class='ocrx_word' id='word_1_78' title='bbox 1690 510 1729 541; x_wconf 91' lang='lat' dir='ltr'>de</span> <span class='ocrx_word' id='word_1_79' title='bbox 1755 510 1873 540; x_wconf 82' lang='lat' dir='ltr'>Sancto</span> <span class='ocrx_word' id='word_1_80' title='bbox 1897 509 1995 540; x_wconf 88' lang='lat' dir='ltr'>Petro</span> 
     </span>
     <span class='ocr_line' id='line_1_9' title="bbox 359 561 1995 603; baseline -0.001 -11"><span class='ocrx_word' id='word_1_81' title='bbox 359 562 389 592; x_wconf 89' lang='lat' dir='ltr'>in</span> <span class='ocrx_word' id='word_1_82' title='bbox 415 562 546 603; x_wconf 79' lang='lat' dir='ltr'>Campo,</span> <span class='ocrx_word' id='word_1_83' title='bbox 571 562 702 592; x_wconf 83' lang='lat' dir='ltr'>Rozone</span> <span class='ocrx_word' id='word_1_84' title='bbox 727 561 766 592; x_wconf 87' lang='lat' dir='ltr'>de</span> <span class='ocrx_word' id='word_1_85' title='bbox 791 562 903 595; x_wconf 77' lang='lat' dir='ltr'>Turre,</span> <span class='ocrx_word' id='word_1_86' title='bbox 928 561 1095 592; x_wconf 89' lang='lat' dir='ltr'>Dominico</span> <span class='ocrx_word' id='word_1_87' title='bbox 1120 562 1158 593; x_wconf 88' lang='lat' dir='ltr'>de</span> <span class='ocrx_word' id='word_1_88' title='bbox 1179 562 1298 593; x_wconf 82' lang='lat' dir='ltr'>Sancto</span> <span class='ocrx_word' id='word_1_89' title='bbox 1316 562 1479 593; x_wconf 76' lang='lat' dir='ltr'>Geruneio</span> <span class='ocrx_word' id='word_1_90' title='bbox 1504 566 1535 593; x_wconf 89' lang='lat' dir='ltr'>et</span> <span class='ocrx_word' id='word_1_91' title='bbox 1551 562 1648 592; x_wconf 86' lang='lat' dir='ltr'>Petro</span> <span class='ocrx_word' id='word_1_92' title='bbox 1670 562 1709 592; x_wconf 88' lang='lat' dir='ltr'>de</span> <span class='ocrx_word' id='word_1_93' title='bbox 1726 561 1848 603; x_wconf 75' lang='lat' dir='ltr'>Campo</span> <span class='ocrx_word' id='word_1_94' title='bbox 1866 561 1995 591; x_wconf 85' lang='lat' dir='ltr'>Leonis.</span> 
     </span>
    </p>

    <p class='ocr_par' dir='ltr' id='par_1_5' title="bbox 359 613 2000 1431">
     <span class='ocr_line' id='line_1_10' title="bbox 462 613 1994 655; baseline -0.001 -11"><span class='ocrx_word' id='word_1_95' title='bbox 462 613 553 654; x_wconf 89' lang='lat' dir='ltr'>Popo</span> <span class='ocrx_word' id='word_1_96' title='bbox 578 614 772 644; x_wconf 81' lang='lat' dir='ltr'>venerabilis</span> <span class='ocrx_word' id='word_1_97' title='bbox 797 613 979 654; x_wconf 85' lang='lat' dir='ltr'>patriarcha</span> <span class='ocrx_word' id='word_1_98' title='bbox 1004 617 1114 644; x_wconf 88' lang='lat' dir='ltr'>sancte</span> <span class='ocrx_word' id='word_1_99' title='bbox 1131 614 1348 655; x_wconf 77' lang='lat' dir='ltr'>Aquileiensis</span> <span class='ocrx_word' id='word_1_100' title='bbox 1366 614 1504 645; x_wconf 77' lang='lat' dir='ltr'>ecclesie</span> <span class='ocrx_word' id='word_1_101' title='bbox 1524 613 1709 654; x_wconf 87' lang='lat' dir='ltr'>apostolicis</span> <span class='ocrx_word' id='word_1_102' title='bbox 1727 616 1758 643; x_wconf 85' lang='lat' dir='ltr'>et</span> <span class='ocrx_word' id='word_1_103' title='bbox 1775 613 1994 654; x_wconf 83' lang='lat' dir='ltr'>imperialibus</span> 
     </span>
     <span class='ocr_line' id='line_1_11' title="bbox 361 665 1993 706; baseline -0.001 -11"><span class='ocrx_word' id='word_1_104' title='bbox 361 665 497 706; x_wconf 83' lang='lat' dir='ltr'>pedibus</span> <span class='ocrx_word' id='word_1_105' title='bbox 524 665 693 696; x_wconf 86' lang='lat' dir='ltr'>advolutus</span> <span class='ocrx_word' id='word_1_106' title='bbox 718 675 827 695; x_wconf 88' lang='lat' dir='ltr'>eorum</span> <span class='ocrx_word' id='word_1_107' title='bbox 853 668 884 695; x_wconf 86' lang='lat' dir='ltr'>et</span> <span class='ocrx_word' id='word_1_108' title='bbox 909 666 1118 696; x_wconf 74' lang='lat' dir='ltr'>sacratissimi</span> <span class='ocrx_word' id='word_1_109' title='bbox 1143 666 1266 696; x_wconf 87' lang='lat' dir='ltr'>concilii</span> <span class='ocrx_word' id='word_1_110' title='bbox 1292 666 1509 696; x_wconf 80' lang='lat' dir='ltr'>reverenciam</span> <span class='ocrx_word' id='word_1_111' title='bbox 1535 665 1697 696; x_wconf 88' lang='lat' dir='ltr'>humiliter</span> <span class='ocrx_word' id='word_1_112' title='bbox 1718 665 1911 706; x_wconf 80' lang='lat' dir='ltr'>deprecatus</span> <span class='ocrx_word' id='word_1_113' title='bbox 1936 667 1993 702; x_wconf 88' lang='lat' dir='ltr'>est,</span> 
     </span>
     <span class='ocr_line' id='line_1_12' title="bbox 360 716 1994 758; baseline 0 -11"><span class='ocrx_word' id='word_1_114' title='bbox 360 718 403 747; x_wconf 92' lang='lat' dir='ltr'>uti</span> <span class='ocrx_word' id='word_1_115' title='bbox 429 718 657 758; x_wconf 81' lang='lat' dir='ltr'>omnipotentis</span> <span class='ocrx_word' id='word_1_116' title='bbox 682 727 790 747; x_wconf 88' lang='lat' dir='ltr'>amore</span> <span class='ocrx_word' id='word_1_117' title='bbox 816 716 945 746; x_wconf 85' lang='lat' dir='ltr'>Domini</span> <span class='ocrx_word' id='word_1_118' title='bbox 968 727 1092 747; x_wconf 80' lang='lat' dir='ltr'>necnon</span> <span class='ocrx_word' id='word_1_119' title='bbox 1116 718 1295 758; x_wconf 90' lang='lat' dir='ltr'>apostolica</span> <span class='ocrx_word' id='word_1_120' title='bbox 1318 721 1349 748; x_wconf 85' lang='lat' dir='ltr'>et</span> <span class='ocrx_word' id='word_1_121' title='bbox 1378 717 1536 758; x_wconf 87' lang='lat' dir='ltr'>imperiali</span> <span class='ocrx_word' id='word_1_122' title='bbox 1560 718 1678 758; x_wconf 83' lang='lat' dir='ltr'>pietate</span> <span class='ocrx_word' id='word_1_123' title='bbox 1704 717 1994 747; x_wconf 87' lang='lat' dir='ltr'>lamentacionibus</span> 
     </span>
     <span class='ocr_line' id='line_1_13' title="bbox 361 768 1996 809; baseline 0.001 -11"><span class='ocrx_word' id='word_1_124' title='bbox 361 769 425 798; x_wconf 80' lang='lat' dir='ltr'>suis</span> <span class='ocrx_word' id='word_1_125' title='bbox 450 769 622 809; x_wconf 80' lang='lat' dir='ltr'>benignum</span> <span class='ocrx_word' id='word_1_126' title='bbox 655 768 798 798; x_wconf 87' lang='lat' dir='ltr'>auditum</span> <span class='ocrx_word' id='word_1_127' title='bbox 827 768 1017 809; x_wconf 78' lang='lat' dir='ltr'>preberent,</span> <span class='ocrx_word' id='word_1_128' title='bbox 1050 768 1224 809; x_wconf 89' lang='lat' dir='ltr'>multisque</span> <span class='ocrx_word' id='word_1_129' title='bbox 1258 772 1499 799; x_wconf 87' lang='lat' dir='ltr'>antecessorum</span> <span class='ocrx_word' id='word_1_130' title='bbox 1531 779 1658 798; x_wconf 86' lang='lat' dir='ltr'>suorum</span> <span class='ocrx_word' id='word_1_131' title='bbox 1684 769 1996 809; x_wconf 83' lang='lat' dir='ltr'>proclamacionibus</span> 
     </span>
     <span class='ocr_line' id='line_1_14' title="bbox 361 819 1994 861; baseline 0.001 -12"><span class='ocrx_word' id='word_1_132' title='bbox 361 830 416 860; x_wconf 84' lang='lat' dir='ltr'>pro</span> <span class='ocrx_word' id='word_1_133' title='bbox 448 819 569 857; x_wconf 82' lang='lat' dir='ltr'>Gradu,</span> <span class='ocrx_word' id='word_1_134' title='bbox 598 820 816 860; x_wconf 84' lang='lat' dir='ltr'>Aquileiensis</span> <span class='ocrx_word' id='word_1_135' title='bbox 846 820 984 850; x_wconf 81' lang='lat' dir='ltr'>ecclesie</span> <span class='ocrx_word' id='word_1_136' title='bbox 1014 820 1124 861; x_wconf 84' lang='lat' dir='ltr'>plebe,</span> <span class='ocrx_word' id='word_1_137' title='bbox 1157 820 1352 861; x_wconf 74' lang='lat' dir='ltr'>synodaliter</span> <span class='ocrx_word' id='word_1_138' title='bbox 1383 820 1477 850; x_wconf 88' lang='lat' dir='ltr'>factis</span> <span class='ocrx_word' id='word_1_139' title='bbox 1507 824 1628 850; x_wconf 84' lang='lat' dir='ltr'>certum</span> <span class='ocrx_word' id='word_1_140' title='bbox 1659 820 1754 850; x_wconf 88' lang='lat' dir='ltr'>finem</span> <span class='ocrx_word' id='word_1_141' title='bbox 1784 820 1994 861; x_wconf 83' lang='lat' dir='ltr'>imponerent.</span> 
     </span>
     <span class='ocr_line' id='line_1_15' title="bbox 360 870 1995 913; baseline 0.002 -13"><span class='ocrx_word' id='word_1_142' title='bbox 360 870 458 901; x_wconf 54' lang='lat' dir='ltr'>(vuius</span> <span class='ocrx_word' id='word_1_143' title='bbox 488 872 723 902; x_wconf 77' lang='lat' dir='ltr'>lamentacione</span> <span class='ocrx_word' id='word_1_144' title='bbox 752 871 907 912; x_wconf 67' lang='lat' dir='ltr'>benignet</span> <span class='ocrx_word' id='word_1_145' title='bbox 937 874 1103 912; x_wconf 86' lang='lat' dir='ltr'>suscepta,</span> <span class='ocrx_word' id='word_1_146' title='bbox 1136 871 1235 907; x_wconf 87' lang='lat' dir='ltr'>Urso,</span> <span class='ocrx_word' id='word_1_147' title='bbox 1268 872 1319 912; x_wconf 91' lang='lat' dir='ltr'>qui</span> <span class='ocrx_word' id='word_1_148' title='bbox 1354 872 1384 901; x_wconf 94' lang='lat' dir='ltr'>in</span> <span class='ocrx_word' id='word_1_149' title='bbox 1415 871 1526 902; x_wconf 83' lang='lat' dir='ltr'>eadem</span> <span class='ocrx_word' id='word_1_150' title='bbox 1552 871 1646 913; x_wconf 87' lang='lat' dir='ltr'>plebe</span> <span class='ocrx_word' id='word_1_151' title='bbox 1671 871 1787 902; x_wconf 91' lang='lat' dir='ltr'>falsum</span> <span class='ocrx_word' id='word_1_152' title='bbox 1812 872 1995 913; x_wconf 81' lang='lat' dir='ltr'>patriarche</span> 
     </span>
     <span class='ocr_line' id='line_1_16' title="bbox 359 923 1994 965; baseline 0.001 -13"><span class='ocrx_word' id='word_1_153' title='bbox 359 933 474 953; x_wconf 86' lang='lat' dir='ltr'>nomen</span> <span class='ocrx_word' id='word_1_154' title='bbox 505 926 708 964; x_wconf 77' lang='lat' dir='ltr'>susceperat,</span> <span class='ocrx_word' id='word_1_155' title='bbox 740 923 814 953; x_wconf 87' lang='lat' dir='ltr'>olim</span> <span class='ocrx_word' id='word_1_156' title='bbox 844 926 988 964; x_wconf 89' lang='lat' dir='ltr'>tempore</span> <span class='ocrx_word' id='word_1_157' title='bbox 1018 923 1104 953; x_wconf 88' lang='lat' dir='ltr'>beati</span> <span class='ocrx_word' id='word_1_158' title='bbox 1134 923 1302 954; x_wconf 81' lang='lat' dir='ltr'>Benedicti</span> <span class='ocrx_word' id='word_1_159' title='bbox 1331 934 1414 964; x_wconf 85' lang='lat' dir='ltr'>pape</span> <span class='ocrx_word' id='word_1_160' title='bbox 1445 927 1541 964; x_wconf 84' lang='lat' dir='ltr'>atque</span> <span class='ocrx_word' id='word_1_161' title='bbox 1566 923 1698 954; x_wconf 89' lang='lat' dir='ltr'>Henrici</span> <span class='ocrx_word' id='word_1_162' title='bbox 1726 924 1929 965; x_wconf 88' lang='lat' dir='ltr'>imperatoris</span> <span class='ocrx_word' id='word_1_163' title='bbox 1955 924 1994 955; x_wconf 90' lang='lat' dir='ltr'>ad</span> 
     </span>
     <span class='ocr_line' id='line_1_17' title="bbox 360 974 1997 1017; baseline 0.001 -12"><span class='ocrx_word' id='word_1_164' title='bbox 360 974 583 1005; x_wconf 83' lang='lat' dir='ltr'>Ravennatem</span> <span class='ocrx_word' id='word_1_165' title='bbox 608 978 704 1015; x_wconf 87' lang='lat' dir='ltr'>atque</span> <span class='ocrx_word' id='word_1_166' title='bbox 730 974 907 1005; x_wconf 83' lang='lat' dir='ltr'>Romanam</span> <span class='ocrx_word' id='word_1_167' title='bbox 933 985 1058 1005; x_wconf 89' lang='lat' dir='ltr'>necnon</span> <span class='ocrx_word' id='word_1_168' title='bbox 1083 975 1305 1005; x_wconf 80' lang='lat' dir='ltr'>Veronensem</span> <span class='ocrx_word' id='word_1_169' title='bbox 1331 975 1489 1016; x_wconf 76' lang='lat' dir='ltr'>synodum</span> <span class='ocrx_word' id='word_1_170' title='bbox 1513 976 1665 1005; x_wconf 87' lang='lat' dir='ltr'>canonice</span> <span class='ocrx_word' id='word_1_171' title='bbox 1689 976 1887 1017; x_wconf 85' lang='lat' dir='ltr'>appellatus,</span> <span class='ocrx_word' id='word_1_172' title='bbox 1912 987 1997 1007; x_wconf 89' lang='lat' dir='ltr'>nunc</span> 
     </span>
     <span class='ocr_line' id='line_1_18' title="bbox 359 1026 1997 1068; baseline 0.001 -12"><span class='ocrx_word' id='word_1_173' title='bbox 359 1036 484 1067; x_wconf 83' lang='lat' dir='ltr'>quoquc</span> <span class='ocrx_word' id='word_1_174' title='bbox 519 1026 558 1056; x_wconf 87' lang='lat' dir='ltr'>ad</span> <span class='ocrx_word' id='word_1_175' title='bbox 597 1027 847 1056; x_wconf 87' lang='lat' dir='ltr'>sacratissimum</span> <span class='ocrx_word' id='word_1_176' title='bbox 884 1026 1053 1057; x_wconf 86' lang='lat' dir='ltr'>concilium</span> <span class='ocrx_word' id='word_1_177' title='bbox 1088 1027 1276 1068; x_wconf 84' lang='lat' dir='ltr'>apostolicis</span> <span class='ocrx_word' id='word_1_178' title='bbox 1309 1027 1411 1057; x_wconf 85' lang='lat' dir='ltr'>literis</span> <span class='ocrx_word' id='word_1_179' title='bbox 1447 1031 1639 1057; x_wconf 83' lang='lat' dir='ltr'>convocatus</span> <span class='ocrx_word' id='word_1_180' title='bbox 1671 1028 1872 1068; x_wconf 80' lang='lat' dir='ltr'>presenciam</span> <span class='ocrx_word' id='word_1_181' title='bbox 1907 1038 1997 1058; x_wconf 87' lang='lat' dir='ltr'>suam</span> 
     </span>
     <span class='ocr_line' id='line_1_19' title="bbox 360 1077 1996 1119; baseline 0.001 -11"><span class='ocrx_word' id='word_1_182' title='bbox 360 1077 514 1108; x_wconf 83' lang='lat' dir='ltr'>exhibere</span> <span class='ocrx_word' id='word_1_183' title='bbox 546 1078 674 1108; x_wconf 87' lang='lat' dir='ltr'>iussus¹¹</span> <span class='ocrx_word' id='word_1_184' title='bbox 704 1082 763 1108; x_wconf 87' lang='lat' dir='ltr'>est.</span> <span class='ocrx_word' id='word_1_185' title='bbox 820 1077 884 1109; x_wconf 84' lang='lat' dir='ltr'>Sed</span> <span class='ocrx_word' id='word_1_186' title='bbox 913 1089 984 1108; x_wconf 91' lang='lat' dir='ltr'>cum</span> <span class='ocrx_word' id='word_1_187' title='bbox 1017 1078 1064 1108; x_wconf 85' lang='lat' dir='ltr'>bis</span> <span class='ocrx_word' id='word_1_188' title='bbox 1089 1083 1120 1108; x_wconf 90' lang='lat' dir='ltr'>et</span> <span class='ocrx_word' id='word_1_189' title='bbox 1143 1082 1192 1109; x_wconf 85' lang='lat' dir='ltr'>ter</span> <span class='ocrx_word' id='word_1_190' title='bbox 1216 1088 1271 1119; x_wconf 91' lang='lat' dir='ltr'>per</span> <span class='ocrx_word' id='word_1_191' title='bbox 1296 1078 1474 1108; x_wconf 82' lang='lat' dir='ltr'>Romanum</span> <span class='ocrx_word' id='word_1_192' title='bbox 1499 1078 1759 1109; x_wconf 83' lang='lat' dir='ltr'>archidiaconum</span> <span class='ocrx_word' id='word_1_193' title='bbox 1784 1083 1917 1110; x_wconf 84' lang='lat' dir='ltr'>vocatus</span> <span class='ocrx_word' id='word_1_194' title='bbox 1941 1080 1996 1110; x_wconf 92' lang='lat' dir='ltr'>ab-</span> 
     </span>
     <span class='ocr_line' id='line_1_20' title="bbox 361 1129 1998 1171; baseline 0.002 -13"><span class='ocrx_word' id='word_1_195' title='bbox 361 1133 457 1161; x_wconf 76' lang='lat' dir='ltr'>esset,</span> <span class='ocrx_word' id='word_1_196' title='bbox 483 1129 598 1159; x_wconf 86' lang='lat' dir='ltr'>Petrus</span> <span class='ocrx_word' id='word_1_197' title='bbox 623 1129 854 1160; x_wconf 67' lang='lat' dir='ltr'>Yeneticorum</span> <span class='ocrx_word' id='word_1_198' title='bbox 879 1129 1032 1160; x_wconf 85' lang='lat' dir='ltr'>diaconus</span> <span class='ocrx_word' id='word_1_199' title='bbox 1060 1130 1160 1167; x_wconf 80' lang='lat' dir='ltr'>affuit,</span> <span class='ocrx_word' id='word_1_200' title='bbox 1186 1130 1381 1171; x_wconf 83' lang='lat' dir='ltr'>apostolicas</span> <span class='ocrx_word' id='word_1_201' title='bbox 1405 1130 1515 1160; x_wconf 80' lang='lat' dir='ltr'>literas</span> <span class='ocrx_word' id='word_1_202' title='bbox 1533 1129 1648 1160; x_wconf 88' lang='lat' dir='ltr'>Ursoni</span> <span class='ocrx_word' id='word_1_203' title='bbox 1672 1130 1841 1161; x_wconf 86' lang='lat' dir='ltr'>advenisse</span> <span class='ocrx_word' id='word_1_204' title='bbox 1859 1131 1998 1171; x_wconf 79' lang='lat' dir='ltr'>negavit.</span> 
     </span>
     <span class='ocr_line' id='line_1_21' title="bbox 364 1180 1995 1223; baseline 0.002 -13"><span class='ocrx_word' id='word_1_205' title='bbox 364 1180 480 1211; x_wconf 77' lang='lat' dir='ltr'>Verum</span> <span class='ocrx_word' id='word_1_206' title='bbox 514 1191 584 1211; x_wconf 90' lang='lat' dir='ltr'>cum</span> <span class='ocrx_word' id='word_1_207' title='bbox 617 1181 676 1211; x_wconf 91' lang='lat' dir='ltr'>hoc</span> <span class='ocrx_word' id='word_1_208' title='bbox 707 1181 910 1211; x_wconf 86' lang='lat' dir='ltr'>iureiurando</span> <span class='ocrx_word' id='word_1_209' title='bbox 945 1181 1115 1212; x_wconf 90' lang='lat' dir='ltr'>adfirmare</span> <span class='ocrx_word' id='word_1_210' title='bbox 1145 1186 1313 1222; x_wconf 76' lang='lat' dir='ltr'>negasset,</span> <span class='ocrx_word' id='word_1_211' title='bbox 1347 1192 1445 1222; x_wconf 83' lang='lat' dir='ltr'>seque</span> <span class='ocrx_word' id='word_1_212' title='bbox 1477 1192 1532 1223; x_wconf 89' lang='lat' dir='ltr'>pro</span> <span class='ocrx_word' id='word_1_213' title='bbox 1565 1182 1658 1212; x_wconf 83' lang='lat' dir='ltr'>huius</span> <span class='ocrx_word' id='word_1_214' title='bbox 1691 1183 1734 1212; x_wconf 91' lang='lat' dir='ltr'>rei</span> <span class='ocrx_word' id='word_1_215' title='bbox 1766 1183 1900 1222; x_wconf 84' lang='lat' dir='ltr'>negocio</span> <span class='ocrx_word' id='word_1_216' title='bbox 1933 1193 1995 1213; x_wconf 92' lang='lat' dir='ltr'>non</span> 
     </span>
     <span class='ocr_line' id='line_1_22' title="bbox 361 1233 1999 1274; baseline 0.002 -12"><span class='ocrx_word' id='word_1_217' title='bbox 361 1233 490 1263; x_wconf 81' lang='lat' dir='ltr'>venisse</span> <span class='ocrx_word' id='word_1_218' title='bbox 526 1233 766 1265; x_wconf 82' lang='lat' dir='ltr'>manifestaret.</span> <span class='ocrx_word' id='word_1_219' title='bbox 801 1233 936 1264; x_wconf 86' lang='lat' dir='ltr'>sinodali</span> <span class='ocrx_word' id='word_1_220' title='bbox 968 1233 1097 1264; x_wconf 87' lang='lat' dir='ltr'>decreto</span> <span class='ocrx_word' id='word_1_221' title='bbox 1123 1233 1306 1274; x_wconf 77' lang='lat' dir='ltr'>Adalgerus</span> <span class='ocrx_word' id='word_1_222' title='bbox 1332 1233 1551 1274; x_wconf 83' lang='lat' dir='ltr'>Aquileiensis</span> <span class='ocrx_word' id='word_1_223' title='bbox 1583 1233 1719 1264; x_wconf 82' lang='lat' dir='ltr'>ecclesie</span> <span class='ocrx_word' id='word_1_224' title='bbox 1753 1233 1999 1266; x_wconf 82' lang='lat' dir='ltr'>archidiaconus</span> 
     </span>
     <span class='ocr_line' id='line_1_23' title="bbox 360 1284 1999 1326; baseline 0.002 -12"><span class='ocrx_word' id='word_1_225' title='bbox 360 1284 429 1314; x_wconf 81' lang='lat' dir='ltr'>vice</span> <span class='ocrx_word' id='word_1_226' title='bbox 455 1284 594 1326; x_wconf 87' lang='lat' dir='ltr'>Poponis</span> <span class='ocrx_word' id='word_1_227' title='bbox 626 1285 808 1326; x_wconf 83' lang='lat' dir='ltr'>patriarche</span> <span class='ocrx_word' id='word_1_228' title='bbox 839 1288 870 1315; x_wconf 91' lang='lat' dir='ltr'>et</span> <span class='ocrx_word' id='word_1_229' title='bbox 901 1285 1036 1315; x_wconf 80' lang='lat' dir='ltr'>senioris</span> <span class='ocrx_word' id='word_1_230' title='bbox 1068 1285 1115 1315; x_wconf 90' lang='lat' dir='ltr'>sui</span> <span class='ocrx_word' id='word_1_231' title='bbox 1146 1296 1203 1326; x_wconf 89' lang='lat' dir='ltr'>per</span> <span class='ocrx_word' id='word_1_232' title='bbox 1234 1289 1342 1315; x_wconf 82' lang='lat' dir='ltr'>sancta</span> <span class='ocrx_word' id='word_1_233' title='bbox 1369 1285 1542 1325; x_wconf 80' lang='lat' dir='ltr'>cuan&#39;gelia</span> <span class='ocrx_word' id='word_1_234' title='bbox 1574 1285 1807 1326; x_wconf 76' lang='lat' dir='ltr'>comprobavit,</span> <span class='ocrx_word' id='word_1_235' title='bbox 1838 1286 1999 1318; x_wconf 85' lang='lat' dir='ltr'>Maionem</span> 
     </span>
     <span class='ocr_line' id='line_1_24' title="bbox 360 1336 2000 1379; baseline 0.003 -15"><span class='ocrx_word' id='word_1_236' title='bbox 360 1336 634 1367; x_wconf 43' lang='lat' dir='ltr'>(loncoffliensem</span> <span class='ocrx_word' id='word_1_237' title='bbox 659 1337 844 1378; x_wconf 76' lang='lat' dir='ltr'>episcopum</span> <span class='ocrx_word' id='word_1_238' title='bbox 871 1337 1083 1377; x_wconf 85' lang='lat' dir='ltr'>apostolicam</span> <span class='ocrx_word' id='word_1_239' title='bbox 1103 1337 1271 1378; x_wconf 86' lang='lat' dir='ltr'>epistolam</span> <span class='ocrx_word' id='word_1_240' title='bbox 1290 1336 1407 1366; x_wconf 80' lang='lat' dir='ltr'>Ursoni</span> <span class='ocrx_word' id='word_1_241' title='bbox 1433 1336 1589 1367; x_wconf 87' lang='lat' dir='ltr'>detulisse</span> <span class='ocrx_word' id='word_1_242' title='bbox 1608 1347 1744 1378; x_wconf 89' lang='lat' dir='ltr'>eumque</span> <span class='ocrx_word' id='word_1_243' title='bbox 1762 1348 1802 1367; x_wconf 83' lang='lat' dir='ltr'>ex</span> <span class='ocrx_word' id='word_1_244' title='bbox 1821 1339 2000 1379; x_wconf 81' lang='lat' dir='ltr'>apostolica</span> 
     </span>
     <span class='ocr_line' id='line_1_25' title="bbox 362 1387 1999 1431; baseline 0.002 -14"><span class='ocrx_word' id='word_1_245' title='bbox 362 1388 575 1418; x_wconf 64' lang='lat' dir='ltr'>auctoritatev</span> <span class='ocrx_word' id='word_1_246' title='bbox 611 1387 651 1418; x_wconf 80' lang='lat' dir='ltr'>ad</span> <span class='ocrx_word' id='word_1_247' title='bbox 682 1388 830 1418; x_wconf 86' lang='lat' dir='ltr'>sinodum</span> <span class='ocrx_word' id='word_1_248' title='bbox 862 1399 1071 1419; x_wconf 79' lang='lat' dir='ltr'>convocasse.</span> <span class='ocrx_word' id='word_1_249' title='bbox 1126 1387 1264 1419; x_wconf 82' lang='lat' dir='ltr'>Relecta</span> <span class='ocrx_word' id='word_1_250' title='bbox 1293 1392 1365 1418; x_wconf 88' lang='lat' dir='ltr'>sunt</span> <span class='ocrx_word' id='word_1_251' title='bbox 1398 1399 1475 1429; x_wconf 82' lang='lat' dir='ltr'>ergo</span> <span class='ocrx_word' id='word_1_252' title='bbox 1504 1387 1543 1418; x_wconf 85' lang='lat' dir='ltr'>ad</span> <span class='ocrx_word' id='word_1_253' title='bbox 1584 1388 1641 1419; x_wconf 88' lang='lat' dir='ltr'>hec</span> <span class='ocrx_word' id='word_1_254' title='bbox 1671 1389 1701 1418; x_wconf 93' lang='lat' dir='ltr'>in</span> <span class='ocrx_word' id='word_1_255' title='bbox 1734 1389 1846 1420; x_wconf 85' lang='lat' dir='ltr'>eadem</span> <span class='ocrx_word' id='word_1_256' title='bbox 1878 1390 1999 1431; x_wconf 74' lang='lat' dir='ltr'>synodo</span> 
     </span>
    </p>
   </div>
   <div class='ocr_carea' id='block_1_5' title="bbox 363 1439 2043 1483">
    <p class='ocr_par' dir='ltr' id='par_1_6' title="bbox 363 1439 2043 1483">
     <span class='ocr_line' id='line_1_26' title="bbox 363 1439 2043 1483; baseline 0.002 -15"><span class='ocrx_word' id='word_1_257' title='bbox 363 1439 480 1480; x_wconf 78' lang='lat' dir='ltr'>scripta</span> <span class='ocrx_word' id='word_1_258' title='bbox 512 1439 732 1480; x_wconf 84' lang='lat' dir='ltr'>Aquileiensis</span> <span class='ocrx_word' id='word_1_259' title='bbox 765 1440 919 1472; x_wconf 83' lang='lat' dir='ltr'>ecclesie,</span> <span class='ocrx_word' id='word_1_260' title='bbox 956 1450 1017 1480; x_wconf 84' lang='lat' dir='ltr'>que</span> <span class='ocrx_word' id='word_1_261' title='bbox 1048 1440 1131 1470; x_wconf 87' lang='lat' dir='ltr'>inter</span> <span class='ocrx_word' id='word_1_262' title='bbox 1162 1440 1315 1480; x_wconf 82' lang='lat' dir='ltr'>plurimas</span> <span class='ocrx_word' id='word_1_263' title='bbox 1346 1439 1603 1480; x_wconf 84' lang='lat' dir='ltr'>Aquileiensium</span> <span class='ocrx_word' id='word_1_264' title='bbox 1640 1441 1894 1481; x_wconf 80' lang='lat' dir='ltr'>patriarcharum</span> <span class='ocrx_word' id='word_1_265' title='bbox 1924 1453 1998 1483; x_wconf 87' lang='lat' dir='ltr'>pro·</span> <span class='ocrx_word' id='word_1_266' title='bbox 2027 1450 2043 1467; x_wconf 71' lang='lat'>2-</span> 
     </span>
    </p>
   </div>
   <div class='ocr_carea' id='block_1_6' title="bbox 362 1490 2001 2243">
    <p class='ocr_par' dir='ltr' id='par_1_7' title="bbox 362 1490 2001 2243">
     <span class='ocr_line' id='line_1_27' title="bbox 362 1490 2000 1532; baseline 0.003 -13"><span class='ocrx_word' id='word_1_267' title='bbox 362 1491 575 1521; x_wconf 79' lang='lat' dir='ltr'>clamaciones</span> <span class='ocrx_word' id='word_1_268' title='bbox 607 1491 807 1526; x_wconf 83' lang='lat' dir='ltr'>asserebant,</span> <span class='ocrx_word' id='word_1_269' title='bbox 840 1491 969 1521; x_wconf 88' lang='lat' dir='ltr'>beatum</span> <span class='ocrx_word' id='word_1_270' title='bbox 995 1490 1176 1531; x_wconf 80' lang='lat' dir='ltr'>Eugenium</span> <span class='ocrx_word' id='word_1_271' title='bbox 1206 1501 1322 1532; x_wconf 84' lang='lat' dir='ltr'>papam</span> <span class='ocrx_word' id='word_1_272' title='bbox 1354 1497 1498 1532; x_wconf 86' lang='lat' dir='ltr'>tempore</span> <span class='ocrx_word' id='word_1_273' title='bbox 1523 1491 1690 1522; x_wconf 79' lang='lat' dir='ltr'>Luduwici</span> <span class='ocrx_word' id='word_1_274' title='bbox 1720 1496 1751 1523; x_wconf 89' lang='lat' dir='ltr'>et</span> <span class='ocrx_word' id='word_1_275' title='bbox 1774 1492 1918 1524; x_wconf 89' lang='lat' dir='ltr'>Lotharii</span> <span class='ocrx_word' id='word_1_276' title='bbox 1942 1494 2000 1524; x_wconf 91' lang='lat' dir='ltr'>im-</span> 
     </span>
     <span class='ocr_line' id='line_1_28' title="bbox 362 1542 2000 1586; baseline 0.002 -15"><span class='ocrx_word' id='word_1_277' title='bbox 362 1545 546 1583; x_wconf 82' lang='lat' dir='ltr'>peratorum</span> <span class='ocrx_word' id='word_1_278' title='bbox 572 1543 654 1573; x_wconf 85' lang='lat' dir='ltr'>hanc</span> <span class='ocrx_word' id='word_1_279' title='bbox 673 1543 852 1572; x_wconf 85' lang='lat' dir='ltr'>inveterate</span> <span class='ocrx_word' id='word_1_280' title='bbox 871 1542 1136 1584; x_wconf 81' lang='lat' dir='ltr'>proclamacionis</span> <span class='ocrx_word' id='word_1_281' title='bbox 1154 1543 1404 1573; x_wconf 83' lang='lat' dir='ltr'>controversiam</span> <span class='ocrx_word' id='word_1_282' title='bbox 1424 1543 1508 1573; x_wconf 87' lang='lat' dir='ltr'>inter</span> <span class='ocrx_word' id='word_1_283' title='bbox 1524 1542 1730 1574; x_wconf 86' lang='lat' dir='ltr'>Maxencium</span> <span class='ocrx_word' id='word_1_284' title='bbox 1748 1544 2000 1586; x_wconf 86' lang='lat' dir='ltr'>Aquilegensem</span> 
     </span>
     <span class='ocr_line' id='line_1_29' title="bbox 363 1593 1999 1637; baseline 0.002 -14"><span class='ocrx_word' id='word_1_285' title='bbox 363 1594 577 1635; x_wconf 84' lang='lat' dir='ltr'>patriarcham</span> <span class='ocrx_word' id='word_1_286' title='bbox 603 1598 634 1624; x_wconf 87' lang='lat' dir='ltr'>et</span> <span class='ocrx_word' id='word_1_287' title='bbox 658 1593 834 1624; x_wconf 67' lang='lat' dir='ltr'>Venerium</span> <span class='ocrx_word' id='word_1_288' title='bbox 860 1594 1059 1625; x_wconf 85' lang='lat' dir='ltr'>Gradensem</span> <span class='ocrx_word' id='word_1_289' title='bbox 1090 1594 1120 1624; x_wconf 91' lang='lat' dir='ltr'>in</span> <span class='ocrx_word' id='word_1_290' title='bbox 1146 1594 1323 1625; x_wconf 83' lang='lat' dir='ltr'>Mantuana</span> <span class='ocrx_word' id='word_1_291' title='bbox 1354 1594 1474 1635; x_wconf 68' lang='lat' dir='ltr'>synodo</span> <span class='ocrx_word' id='word_1_292' title='bbox 1500 1594 1672 1625; x_wconf 87' lang='lat' dir='ltr'>ventilasse</span> <span class='ocrx_word' id='word_1_293' title='bbox 1705 1598 1800 1636; x_wconf 89' lang='lat' dir='ltr'>atque</span> <span class='ocrx_word' id='word_1_294' title='bbox 1825 1596 1999 1637; x_wconf 81' lang='lat' dir='ltr'>apostolica</span> 
     </span>
     <span class='ocr_line' id='line_1_30' title="bbox 363 1645 1999 1687; baseline 0.002 -13"><span class='ocrx_word' id='word_1_295' title='bbox 363 1656 486 1675; x_wconf 77' lang='lat' dir='ltr'>necnon</span> <span class='ocrx_word' id='word_1_296' title='bbox 512 1645 658 1686; x_wconf 72' lang='lat' dir='ltr'>synodali</span> <span class='ocrx_word' id='word_1_297' title='bbox 684 1646 877 1676; x_wconf 83' lang='lat' dir='ltr'>auctoritate</span> <span class='ocrx_word' id='word_1_298' title='bbox 903 1645 1105 1675; x_wconf 82' lang='lat' dir='ltr'>Gradenseni</span> <span class='ocrx_word' id='word_1_299' title='bbox 1132 1645 1258 1686; x_wconf 87' lang='lat' dir='ltr'>plebem</span> <span class='ocrx_word' id='word_1_300' title='bbox 1286 1646 1496 1686; x_wconf 79' lang='lat' dir='ltr'>Aquilegensi</span> <span class='ocrx_word' id='word_1_301' title='bbox 1522 1646 1660 1677; x_wconf 84' lang='lat' dir='ltr'>ecclesie</span> <span class='ocrx_word' id='word_1_302' title='bbox 1684 1647 1879 1683; x_wconf 81' lang='lat' dir='ltr'>restituisse,</span> <span class='ocrx_word' id='word_1_303' title='bbox 1904 1650 1999 1687; x_wconf 77' lang='lat' dir='ltr'>atque</span> 
     </span>
     <span class='ocr_line' id='line_1_31' title="bbox 362 1696 1997 1740; baseline 0.002 -15"><span class='ocrx_word' id='word_1_304' title='bbox 362 1697 536 1737; x_wconf 79' lang='lat' dir='ltr'>pontificali</span> <span class='ocrx_word' id='word_1_305' title='bbox 561 1697 637 1727; x_wconf 82' lang='lat' dir='ltr'>sede</span> <span class='ocrx_word' id='word_1_306' title='bbox 662 1696 780 1727; x_wconf 88' lang='lat' dir='ltr'>ibidem</span> <span class='ocrx_word' id='word_1_307' title='bbox 806 1697 933 1727; x_wconf 83' lang='lat' dir='ltr'>omnino</span> <span class='ocrx_word' id='word_1_308' title='bbox 958 1697 1129 1738; x_wconf 85' lang='lat' dir='ltr'>prohibita,</span> <span class='ocrx_word' id='word_1_309' title='bbox 1162 1697 1337 1738; x_wconf 84' lang='lat' dir='ltr'>predictam</span> <span class='ocrx_word' id='word_1_310' title='bbox 1363 1698 1616 1738; x_wconf 81' lang='lat' dir='ltr'>Aquilegensem</span> <span class='ocrx_word' id='word_1_311' title='bbox 1642 1699 1813 1729; x_wconf 85' lang='lat' dir='ltr'>ecclesiam</span> <span class='ocrx_word' id='word_1_312' title='bbox 1839 1698 1941 1740; x_wconf 83' lang='lat' dir='ltr'>capud</span> <span class='ocrx_word' id='word_1_313' title='bbox 1967 1702 1997 1729; x_wconf 81' lang='lat' dir='ltr'>et</span> 
     </span>
     <span class='ocr_line' id='line_1_32' title="bbox 362 1748 2000 1790; baseline 0.002 -12"><span class='ocrx_word' id='word_1_314' title='bbox 362 1749 566 1789; x_wconf 83' lang='lat' dir='ltr'>metropolim</span> <span class='ocrx_word' id='word_1_315' title='bbox 591 1749 693 1779; x_wconf 83' lang='lat' dir='ltr'>tocius</span> <span class='ocrx_word' id='word_1_316' title='bbox 717 1749 858 1779; x_wconf 75' lang='lat' dir='ltr'>Veneeie</span> <span class='ocrx_word' id='word_1_317' title='bbox 883 1749 1124 1780; x_wconf 72' lang='lat' dir='ltr'>constituissel.</span> <span class='ocrx_word' id='word_1_318' title='bbox 1170 1748 1260 1784; x_wconf 78' lang='lat' dir='ltr'>Quod</span> <span class='ocrx_word' id='word_1_319' title='bbox 1287 1749 1361 1790; x_wconf 83' lang='lat' dir='ltr'>quia</span> <span class='ocrx_word' id='word_1_320' title='bbox 1384 1749 1519 1790; x_wconf 84' lang='lat' dir='ltr'>predicti</span> <span class='ocrx_word' id='word_1_321' title='bbox 1545 1749 1679 1780; x_wconf 88' lang='lat' dir='ltr'>Ursonis</span> <span class='ocrx_word' id='word_1_322' title='bbox 1704 1753 1735 1780; x_wconf 91' lang='lat' dir='ltr'>et</span> <span class='ocrx_word' id='word_1_323' title='bbox 1759 1754 2000 1781; x_wconf 84' lang='lat' dir='ltr'>antecessorum</span> 
     </span>
     <span class='ocr_line' id='line_1_33' title="bbox 363 1800 2001 1843; baseline 0.001 -13"><span class='ocrx_word' id='word_1_324' title='bbox 363 1801 432 1831; x_wconf 80' lang='lat' dir='ltr'>eius</span> <span class='ocrx_word' id='word_1_325' title='bbox 469 1801 652 1831; x_wconf 84' lang='lat' dir='ltr'>temeritate</span> <span class='ocrx_word' id='word_1_326' title='bbox 690 1801 841 1831; x_wconf 87' lang='lat' dir='ltr'>violatum</span> <span class='ocrx_word' id='word_1_327' title='bbox 879 1804 937 1835; x_wconf 79' lang='lat' dir='ltr'>est,</span> <span class='ocrx_word' id='word_1_328' title='bbox 973 1801 1116 1831; x_wconf 81' lang='lat' dir='ltr'>decrevit</span> <span class='ocrx_word' id='word_1_329' title='bbox 1140 1804 1251 1831; x_wconf 85' lang='lat' dir='ltr'>sancta</span> <span class='ocrx_word' id='word_1_330' title='bbox 1275 1800 1427 1841; x_wconf 73' lang='lat' dir='ltr'>synodus,</span> <span class='ocrx_word' id='word_1_331' title='bbox 1460 1800 1620 1832; x_wconf 85' lang='lat' dir='ltr'>Ursonem</span> <span class='ocrx_word' id='word_1_332' title='bbox 1646 1802 1771 1832; x_wconf 88' lang='lat' dir='ltr'>tociens</span> <span class='ocrx_word' id='word_1_333' title='bbox 1797 1802 2001 1843; x_wconf 87' lang='lat' dir='ltr'>presenciam</span> 
     </span>
     <span class='ocr_line' id='line_1_34' title="bbox 363 1852 1999 1894; baseline 0.001 -12"><span class='ocrx_word' id='word_1_334' title='bbox 363 1852 578 1892; x_wconf 82' lang='lat' dir='ltr'>denegantem</span> <span class='ocrx_word' id='word_1_335' title='bbox 603 1852 641 1882; x_wconf 90' lang='lat' dir='ltr'>de</span> <span class='ocrx_word' id='word_1_336' title='bbox 666 1853 819 1883; x_wconf 89' lang='lat' dir='ltr'>absencia</span> <span class='ocrx_word' id='word_1_337' title='bbox 844 1852 886 1882; x_wconf 92' lang='lat' dir='ltr'>nil</span> <span class='ocrx_word' id='word_1_338' title='bbox 911 1853 1038 1885; x_wconf 81' lang='lat' dir='ltr'>lucrari,</span> <span class='ocrx_word' id='word_1_339' title='bbox 1069 1856 1101 1882; x_wconf 90' lang='lat' dir='ltr'>et</span> <span class='ocrx_word' id='word_1_340' title='bbox 1125 1852 1289 1893; x_wconf 87' lang='lat' dir='ltr'>Poponem</span> <span class='ocrx_word' id='word_1_341' title='bbox 1314 1852 1529 1893; x_wconf 84' lang='lat' dir='ltr'>patriarcham</span> <span class='ocrx_word' id='word_1_342' title='bbox 1555 1852 1594 1883; x_wconf 89' lang='lat' dir='ltr'>de</span> <span class='ocrx_word' id='word_1_343' title='bbox 1620 1852 1779 1884; x_wconf 81' lang='lat' dir='ltr'>Gradensi</span> <span class='ocrx_word' id='word_1_344' title='bbox 1805 1853 1900 1894; x_wconf 88' lang='lat' dir='ltr'>plebe</span> <span class='ocrx_word' id='word_1_345' title='bbox 1928 1864 1999 1884; x_wconf 87' lang='lat' dir='ltr'>cum</span> 
     </span>
     <span class='ocr_line' id='line_1_35' title="bbox 362 1903 2000 1946; baseline 0.001 -13"><span class='ocrx_word' id='word_1_346' title='bbox 362 1904 427 1933; x_wconf 83' lang='lat' dir='ltr'>suis</span> <span class='ocrx_word' id='word_1_347' title='bbox 459 1903 665 1945; x_wconf 84' lang='lat' dir='ltr'>pertinenciis</span> <span class='ocrx_word' id='word_1_348' title='bbox 700 1903 739 1934; x_wconf 85' lang='lat' dir='ltr'>ad</span> <span class='ocrx_word' id='word_1_349' title='bbox 771 1904 818 1933; x_wconf 85' lang='lat' dir='ltr'>ius</span> <span class='ocrx_word' id='word_1_350' title='bbox 844 1904 1071 1945; x_wconf 81' lang='lat' dir='ltr'>Aquilegensis</span> <span class='ocrx_word' id='word_1_351' title='bbox 1096 1904 1233 1935; x_wconf 87' lang='lat' dir='ltr'>ecclesie</span> <span class='ocrx_word' id='word_1_352' title='bbox 1259 1904 1415 1940; x_wconf 84' lang='lat' dir='ltr'>revestiri,</span> <span class='ocrx_word' id='word_1_353' title='bbox 1445 1904 1488 1935; x_wconf 89' lang='lat' dir='ltr'>ita</span> <span class='ocrx_word' id='word_1_354' title='bbox 1522 1908 1555 1935; x_wconf 89' lang='lat' dir='ltr'>ut</span> <span class='ocrx_word' id='word_1_355' title='bbox 1580 1905 1754 1946; x_wconf 87' lang='lat' dir='ltr'>pontificali</span> <span class='ocrx_word' id='word_1_356' title='bbox 1780 1904 1855 1935; x_wconf 89' lang='lat' dir='ltr'>sede</span> <span class='ocrx_word' id='word_1_357' title='bbox 1881 1904 2000 1935; x_wconf 88' lang='lat' dir='ltr'>ibidem</span> 
     </span>
     <span class='ocr_line' id='line_1_36' title="bbox 363 1955 1999 1997; baseline 0.001 -12"><span class='ocrx_word' id='word_1_358' title='bbox 363 1955 540 1996; x_wconf 88' lang='lat' dir='ltr'>prohibita,</span> <span class='ocrx_word' id='word_1_359' title='bbox 577 1956 742 1997; x_wconf 86' lang='lat' dir='ltr'>perpetuis</span> <span class='ocrx_word' id='word_1_360' title='bbox 778 1955 977 1997; x_wconf 83' lang='lat' dir='ltr'>temporibus</span> <span class='ocrx_word' id='word_1_361' title='bbox 1010 1959 1119 1986; x_wconf 89' lang='lat' dir='ltr'>sancte</span> <span class='ocrx_word' id='word_1_362' title='bbox 1146 1956 1355 1996; x_wconf 87' lang='lat' dir='ltr'>Aquilegensi</span> <span class='ocrx_word' id='word_1_363' title='bbox 1388 1956 1527 1986; x_wconf 87' lang='lat' dir='ltr'>ecclesie</span> <span class='ocrx_word' id='word_1_364' title='bbox 1560 1956 1699 1987; x_wconf 86' lang='lat' dir='ltr'>diocesis</span> <span class='ocrx_word' id='word_1_365' title='bbox 1728 1957 1796 1987; x_wconf 88' lang='lat' dir='ltr'>iure</span> <span class='ocrx_word' id='word_1_366' title='bbox 1822 1956 1999 1986; x_wconf 83' lang='lat' dir='ltr'>subiaceat.</span> 
     </span>
     <span class='ocr_line' id='line_1_37' title="bbox 363 2007 2001 2050; baseline 0.001 -13"><span class='ocrx_word' id='word_1_367' title='bbox 363 2007 666 2037; x_wconf 83' lang='lat' dir='ltr'>Reverendissimus</span> <span class='ocrx_word' id='word_1_368' title='bbox 699 2007 797 2047; x_wconf 83' lang='lat' dir='ltr'>igitur</span> <span class='ocrx_word' id='word_1_369' title='bbox 828 2018 912 2048; x_wconf 88' lang='lat' dir='ltr'>papa</span> <span class='ocrx_word' id='word_1_370' title='bbox 944 2011 976 2037; x_wconf 89' lang='lat' dir='ltr'>et</span> <span class='ocrx_word' id='word_1_371' title='bbox 1009 2008 1170 2048; x_wconf 89' lang='lat' dir='ltr'>piissimus</span> <span class='ocrx_word' id='word_1_372' title='bbox 1199 2008 1388 2049; x_wconf 85' lang='lat' dir='ltr'>imperator,</span> <span class='ocrx_word' id='word_1_373' title='bbox 1421 2008 1595 2039; x_wconf 85' lang='lat' dir='ltr'>secundum</span> <span class='ocrx_word' id='word_1_374' title='bbox 1621 2008 1706 2049; x_wconf 88' lang='lat' dir='ltr'>quod</span> <span class='ocrx_word' id='word_1_375' title='bbox 1738 2008 1917 2050; x_wconf 87' lang='lat' dir='ltr'>predictum</span> <span class='ocrx_word' id='word_1_376' title='bbox 1942 2011 2001 2047; x_wconf 84' lang='lat' dir='ltr'>est,</span> 
     </span>
     <span class='ocr_line' id='line_1_38' title="bbox 363 2058 2001 2101; baseline 0.001 -13"><span class='ocrx_word' id='word_1_377' title='bbox 363 2058 529 2100; x_wconf 84' lang='lat' dir='ltr'>Poponcm</span> <span class='ocrx_word' id='word_1_378' title='bbox 554 2059 769 2100; x_wconf 85' lang='lat' dir='ltr'>patriarcham</span> <span class='ocrx_word' id='word_1_379' title='bbox 796 2059 835 2089; x_wconf 90' lang='lat' dir='ltr'>de</span> <span class='ocrx_word' id='word_1_380' title='bbox 860 2058 1019 2089; x_wconf 85' lang='lat' dir='ltr'>Gradensi</span> <span class='ocrx_word' id='word_1_381' title='bbox 1046 2059 1140 2100; x_wconf 88' lang='lat' dir='ltr'>plebe</span> <span class='ocrx_word' id='word_1_382' title='bbox 1166 2059 1319 2100; x_wconf 82' lang='lat' dir='ltr'>pastorali</span> <span class='ocrx_word' id='word_1_383' title='bbox 1345 2059 1433 2099; x_wconf 80' lang='lat' dir='ltr'>virga</span> <span class='ocrx_word' id='word_1_384' title='bbox 1457 2060 1676 2093; x_wconf 80' lang='lat' dir='ltr'>investientes,</span> <span class='ocrx_word' id='word_1_385' title='bbox 1702 2070 1743 2089; x_wconf 85' lang='lat' dir='ltr'>ex</span> <span class='ocrx_word' id='word_1_386' title='bbox 1767 2060 1942 2101; x_wconf 85' lang='lat' dir='ltr'>apostolico</span> <span class='ocrx_word' id='word_1_387' title='bbox 1968 2063 2001 2090; x_wconf 89' lang='lat' dir='ltr'>et</span> 
     </span>
     <span class='ocr_line' id='line_1_39' title="bbox 363 2110 2000 2152; baseline 0.001 -12"><span class='ocrx_word' id='word_1_388' title='bbox 363 2111 519 2151; x_wconf 84' lang='lat' dir='ltr'>imperiali</span> <span class='ocrx_word' id='word_1_389' title='bbox 549 2110 679 2141; x_wconf 88' lang='lat' dir='ltr'>decreto</span> <span class='ocrx_word' id='word_1_390' title='bbox 705 2111 762 2140; x_wconf 83' lang='lat' dir='ltr'>hoc</span> <span class='ocrx_word' id='word_1_391' title='bbox 787 2111 1003 2152; x_wconf 83' lang='lat' dir='ltr'>privilegium,</span> <span class='ocrx_word' id='word_1_392' title='bbox 1028 2110 1239 2151; x_wconf 77' lang='lat' dir='ltr'>Aquilegensi</span> <span class='ocrx_word' id='word_1_393' title='bbox 1265 2111 1404 2141; x_wconf 82' lang='lat' dir='ltr'>ecclesie</span> <span class='ocrx_word' id='word_1_394' title='bbox 1429 2114 1461 2141; x_wconf 87' lang='lat' dir='ltr'>et</span> <span class='ocrx_word' id='word_1_395' title='bbox 1484 2111 1608 2152; x_wconf 87' lang='lat' dir='ltr'>Poponi</span> <span class='ocrx_word' id='word_1_396' title='bbox 1633 2111 1814 2152; x_wconf 85' lang='lat' dir='ltr'>patriarche</span> <span class='ocrx_word' id='word_1_397' title='bbox 1840 2111 1899 2141; x_wconf 92' lang='lat' dir='ltr'>sub</span> <span class='ocrx_word' id='word_1_398' title='bbox 1923 2121 2000 2141; x_wconf 89' lang='lat' dir='ltr'>ana-</span> 
     </span>
     <span class='ocr_line' id='line_1_40' title="bbox 364 2161 1997 2202; baseline 0 -11"><span class='ocrx_word' id='word_1_399' title='bbox 364 2161 513 2191; x_wconf 81' lang='lat' dir='ltr'>thematis</span> <span class='ocrx_word' id='word_1_400' title='bbox 545 2162 670 2192; x_wconf 80' lang='lat' dir='ltr'>vinculo</span> <span class='ocrx_word' id='word_1_401' title='bbox 702 2162 929 2192; x_wconf 86' lang='lat' dir='ltr'>inviolabiliter</span> <span class='ocrx_word' id='word_1_402' title='bbox 952 2172 1207 2202; x_wconf 84' lang='lat' dir='ltr'>permansurum,</span> <span class='ocrx_word' id='word_1_403' title='bbox 1236 2161 1382 2192; x_wconf 85' lang='lat' dir='ltr'>Romane</span> <span class='ocrx_word' id='word_1_404' title='bbox 1414 2162 1552 2193; x_wconf 86' lang='lat' dir='ltr'>ecclesie</span> <span class='ocrx_word' id='word_1_405' title='bbox 1579 2162 1823 2193; x_wconf 85' lang='lat' dir='ltr'>bibliothecario</span> <span class='ocrx_word' id='word_1_406' title='bbox 1855 2162 1997 2193; x_wconf 89' lang='lat' dir='ltr'>scribere</span> 
     </span>
     <span class='ocr_line' id='line_1_41' title="bbox 363 2213 535 2243; baseline 0.006 -1"><span class='ocrx_word' id='word_1_407' title='bbox 363 2213 535 2243; x_wconf 80' lang='lat' dir='ltr'>iusserunt.</span> 
     </span>
    </p>
   </div>
   <div class='ocr_carea' id='block_1_7' title="bbox 364 2308 2000 2391">
    <p class='ocr_par' dir='ltr' id='par_1_8' title="bbox 364 2308 2000 2391">
     <span class='ocr_line' id='line_1_42' title="bbox 465 2308 2000 2347; baseline 0.001 -7"><span class='ocrx_word' id='word_1_408' title='bbox 465 2315 509 2340; x_wconf 57' lang='lat'>38.</span> <span class='ocrx_word' id='word_1_409' title='bbox 536 2320 559 2342; x_wconf 67' lang='lat'>1³)</span> <span class='ocrx_word' id='word_1_410' title='bbox 580 2317 728 2341; x_wconf 75' lang='lat' dir='ltr'>Theudaldo</span> <span class='ocrx_word' id='word_1_411' title='bbox 748 2317 793 2341; x_wconf 69' lang='grc' dir='ltr'>ΒΓ.</span> <span class='ocrx_word' id='word_1_412' title='bbox 902 2320 922 2347; x_wconf 69' lang='lat'>¹⁴)</span> <span class='ocrx_word' id='word_1_413' title='bbox 941 2325 981 2340; x_wconf 68' lang='lat' dir='ltr'>seu</span> <span class='ocrx_word' id='word_1_414' title='bbox 1003 2317 1127 2341; x_wconf 73' lang='lat' dir='ltr'>Bodelone</span> <span class='ocrx_word' id='word_1_415' title='bbox 1147 2326 1180 2343; x_wconf 57' lang='lat' dir='ltr'>ru:</span> <span class='ocrx_word' id='word_1_416' title='bbox 1201 2308 1307 2340; x_wconf 71' lang='lat' dir='ltr'>Odilnne</span> <span class='ocrx_word' id='word_1_417' title='bbox 1327 2317 1371 2347; x_wconf 62' lang='lat' dir='ltr'>less.</span> <span class='ocrx_word' id='word_1_418' title='bbox 1393 2316 1439 2341; x_wconf 55' lang='lat' dir='ltr'>Bw.</span> <span class='ocrx_word' id='word_1_419' title='bbox 1545 2318 1563 2342; x_wconf 68' lang='lat'>⁵]</span> <span class='ocrx_word' id='word_1_420' title='bbox 1584 2317 1751 2341; x_wconf 74' lang='lat' dir='ltr'>Montisviridi</span> <span class='ocrx_word' id='word_1_421' title='bbox 1772 2317 1818 2342; x_wconf 63' lang='grc' dir='ltr'>ΒΓ.</span> <span class='ocrx_word' id='word_1_422' title='bbox 1918 2318 1937 2342; x_wconf 67' lang='lat'>²)</span> <span class='ocrx_word' id='word_1_423' title='bbox 1957 2326 2000 2340; x_wconf 62' lang='lat' dir='ltr'>⁸⁶⁷st</span> 
     </span>
     <span class='ocr_line' id='line_1_43' title="bbox 364 2360 1110 2391; baseline -0.001 -8"><span class='ocrx_word' id='word_1_424' title='bbox 364 2360 505 2391; x_wconf 79' lang='lat' dir='ltr'>benigniter</span> <span class='ocrx_word' id='word_1_425' title='bbox 524 2369 542 2383; x_wconf 74' lang='grc' dir='ltr'>ι’.</span> <span class='ocrx_word' id='word_1_426' title='bbox 632 2364 655 2385; x_wconf 68' lang='lat'>¹¹!</span> <span class='ocrx_word' id='word_1_427' title='bbox 677 2361 747 2384; x_wconf 77' lang='lat' dir='ltr'>lusus</span> <span class='ocrx_word' id='word_1_428' title='bbox 767 2370 786 2384; x_wconf 63' lang='lat' dir='ltr'>c.</span> <span class='ocrx_word' id='word_1_429' title='bbox 875 2364 897 2386; x_wconf 66' lang='lat' dir='ltr'>v,</span> <span class='ocrx_word' id='word_1_430' title='bbox 916 2360 1071 2384; x_wconf 75' lang='lat' dir='ltr'>authoritate</span> <span class='ocrx_word' id='word_1_431' title='bbox 1090 2369 1110 2387; x_wconf 65' lang='lat' dir='ltr'>r,</span> 
     </span>
    </p>
   </div>
   <div class='ocr_carea' id='block_1_8' title="bbox 467 2460 1561 2493">
    <p class='ocr_par' dir='ltr' id='par_1_9' title="bbox 467 2460 1561 2493">
     <span class='ocr_line' id='line_1_44' title="bbox 467 2460 1561 2493; baseline -0.002 -8"><span class='ocrx_word' id='word_1_432' title='bbox 467 2462 490 2491; x_wconf 83' lang='lat' dir='ltr'>l)</span> <span class='ocrx_word' id='word_1_433' title='bbox 517 2460 543 2485; x_wconf 68' lang='grc' dir='ltr'>Γ.</span> <span class='ocrx_word' id='word_1_434' title='bbox 559 2461 623 2485; x_wconf 67' lang='lat' dir='ltr'>Acta</span> <span class='ocrx_word' id='word_1_435' title='bbox 645 2461 737 2493; x_wconf 61' lang='lat' dir='ltr'>synodi</span> <span class='ocrx_word' id='word_1_436' title='bbox 760 2461 926 2485; x_wconf 57' lang='lat' dir='ltr'>illmzimmm‘</span> <span class='ocrx_word' id='word_1_437' title='bbox 945 2470 969 2486; x_wconf 73' lang='lat' dir='ltr'>a.</span> <span class='ocrx_word' id='word_1_438' title='bbox 983 2464 1034 2485; x_wconf 59' lang='lat'>⁸2¹7</span> <span class='ocrx_word' id='word_1_439' title='bbox 1051 2460 1153 2484; x_wconf 68' lang='lat' dir='ltr'>ludu‘ttw</span> <span class='ocrx_word' id='word_1_440' title='bbox 1171 2460 1247 2492; x_wconf 72' lang='lat' dir='ltr'>apud</span> <span class='ocrx_word' id='word_1_441' title='bbox 1264 2460 1293 2483; x_wconf 55' lang='lat' dir='ltr'>dr</span> <span class='ocrx_word' id='word_1_442' title='bbox 1314 2460 1411 2485; x_wconf 62' lang='lat' dir='ltr'>Rubris</span> <span class='ocrx_word' id='word_1_443' title='bbox 1427 2469 1453 2492; x_wconf 71' lang='lat' dir='ltr'>J1-</span> <span class='ocrx_word' id='word_1_444' title='bbox 1467 2465 1513 2485; x_wconf 65' lang='lat'>414</span> <span class='ocrx_word' id='word_1_445' title='bbox 1527 2469 1561 2492; x_wconf 72' lang='lat' dir='ltr'>sq.</span> 
     </span>
    </p>
   </div>
   <div class='ocr_carea' id='block_1_9' title="bbox 2187 0 2205 607">
    <p class='ocr_par' dir='ltr' id='par_1_10' title="bbox 2187 0 2205 607">
     <span class='ocr_line' id='line_1_45' title="bbox 2187 0 2205 607; baseline 0 2465"><span class='ocrx_word' id='word_1_446' title='bbox 2187 0 2205 607; x_wconf 95' lang='lat' dir='ltr'> </span> 
     </span>
    </p>
   </div>
   <div class='ocr_carea' id='block_1_10' title="bbox 2023 670 2046 688">
    <p class='ocr_par' dir='ltr' id='par_1_11' title="bbox 2023 670 2046 688">
     <span class='ocr_line' id='line_1_46' title="bbox 2023 670 2046 688; baseline -0.043 0"><span class='ocrx_word' id='word_1_447' title='bbox 2023 670 2046 688; x_wconf 81' lang='lat' dir='ltr'>m</span> 
     </span>
    </p>
   </div>
   <div class='ocr_carea' id='block_1_11' title="bbox 2023 1192 2048 1209">
    <p class='ocr_par' dir='ltr' id='par_1_12' title="bbox 2023 1192 2048 1209">
     <span class='ocr_line' id='line_1_47' title="bbox 2023 1192 2048 1209; baseline -0.08 0"><span class='ocrx_word' id='word_1_448' title='bbox 2023 1192 2048 1209; x_wconf 72' lang='lat'>‘20</span> 
     </span>
    </p>
   </div>
   <div class='ocr_carea' id='block_1_12' title="bbox 2024 1705 2050 1722">
    <p class='ocr_par' dir='ltr' id='par_1_13' title="bbox 2024 1705 2050 1722">
     <span class='ocr_line' id='line_1_48' title="bbox 2024 1705 2050 1722; baseline -0.077 0"><span class='ocrx_word' id='word_1_449' title='bbox 2024 1705 2050 1722; x_wconf 68' lang='grc' dir='ltr'>,Ἧι</span> 
     </span>
    </p>
   </div>
   <div class='ocr_carea' id='block_1_13' title="bbox 2028 1966 2051 1982">
    <p class='ocr_par' dir='ltr' id='par_1_14' title="bbox 2028 1966 2051 1982">
     <span class='ocr_line' id='line_1_49' title="bbox 2028 1966 2051 1982; baseline 0 0"><span class='ocrx_word' id='word_1_450' title='bbox 2028 1966 2038 1982; x_wconf 71' lang='lat' dir='ltr'>a</span> <span class='ocrx_word' id='word_1_451' title='bbox 2041 1966 2051 1982; x_wconf 82' lang='lat'><strong>5</strong></span> 
     </span>
    </p>
   </div>
   <div class='ocr_carea' id='block_1_14' title="bbox 2028 2222 2052 2239">
    <p class='ocr_par' dir='ltr' id='par_1_15' title="bbox 2028 2222 2052 2239">
     <span class='ocr_line' id='line_1_50' title="bbox 2028 2222 2052 2239; baseline -0.083 0"><span class='ocrx_word' id='word_1_452' title='bbox 2028 2222 2037 2239; x_wconf 73' lang='lat'>4</span> <span class='ocrx_word' id='word_1_453' title='bbox 2041 2222 2052 2238; x_wconf 76' lang='grc' dir='ltr'>ιί</span> 
     </span>
    </p>
   </div>
  </div>
 </body>
</html>
