2205 3072
391 162 452 194 250
801 161 983 189 FRIDERICI
1002 162 1021 189 Ι.
1041 161 1364 188 CONSTITUTIONES.
1401 164 1474 190 1159.
1502 164 1549 190 Nr.
1564 164 1620 190 179.

392 249 524 279 helmum
554 249 730 279 cardinales
756 248 896 287 primum
920 248 1084 279 Bononiae
1112 259 1150 280 ex
1178 249 1325 279 mandato
1353 249 1472 280 domini
1499 250 1550 280 sui
1578 250 1617 280 ab
1641 249 1823 288 imperatore
1847 249 2032 280 solummodo

386 311 493 341 pacem
519 300 778 331 Constantianam
804 300 884 330 anni
904 300 987 330 1153
1010 300 1215 339 requisivisse,
1246 301 1375 339 epistota
1403 301 1600 340 imperatoris
1622 301 1665 331 ad
1686 300 1908 331 Eberhartlum
1930 300 2031 331 arehi-

390 352 562 392 episcopum
590 351 845 391 Salabnryonsem
875 351 950 382 (lata
980 351 1069 382 docet.
1115 351 1237 382 Deinde
1259 362 1319 391 per
1348 354 1475 383 nuntios
1503 353 1546 383 ad
1571 352 1690 383 curiam
1713 352 1822 383 missos
1845 353 1872 382 et
1894 361 2030 382 reversos

386 402 529 442 pontifea:
552 413 630 433 nova
646 403 798 442 quaedam
814 403 952 442 capitula
968 403 1137 434 durissima
1149 404 1321 442 proposuit,
1346 404 1457 443 quibus
1473 404 1630 435 ‘ultimati'
1648 405 1682 434 ut
1697 403 1804 434 (licant
1818 403 1903 443 viyor
1918 403 2029 441 inerat,

390 465 468 494 quae
491 466 528 485 ca·
551 454 680 493 epistota
702 454 882 485 Eberhardi'
905 455 1037 493 episcopi
1059 454 1300 494 Bamberyensis
1323 455 1365 485 ad
1379 455 1641 496 areleiepiscopmn
1657 454 1784 485 eundem
1800 454 1894 485 data¹
1918 454 2031 494 (Gesta
2071 462 2082 479 ⁵

390 506 547 536 Fridcriei
570 506 589 536 l.
608 505 667 543 IV,
691 516 713 536 e.
731 507 772 536 34
788 507 859 546 (30)
882 506 926 538 ed.
949 506 1053 538 Waite
1070 516 1103 546 p.
1121 507 1200 541 220)
1223 506 1430 546 eoyuoseimus
1453 509 1481 537 et
1507 506 1561 537 hoe
1584 506 1646 537 loeo
1669 505 1863 536 exhibemus:
1886 505 2031 536 Nuncios

390 557 430 588 ad
454 557 575 588 Urbem
601 558 770 598 ignorante
800 558 977 599 apostolico
1008 558 1047 588 ab
1077 558 1272 599 imperatore
1302 569 1366 589 non
1391 569 1461 589 esse
1493 557 1675 595 mittendos,
1707 568 1778 588 eum
1803 558 1906 588 omnis
1929 557 2030 598 magi-

391 612 510 639 stratus
534 609 610 640 inibi
636 610 722 640 beati
739 609 827 640 Petri
850 610 890 640 sit
906 620 978 640 cum
994 609 1154 640 universis
1173 609 1347 650 regalibus.
1385 609 1435 640 De
1455 609 1699 640 dominicalibus
1721 609 1889 651 apostolici
1905 608 2031 639 fodrum

390 671 452 691 non
484 671 555 691 esse
589 661 816 702 colligendum,
851 661 912 691 nisi
940 664 1086 702 tempore
1116 661 1341 702 suscipiendae
1372 672 1519 692 coronae.
1576 661 1756 703 Episcopos
1784 660 1898 692 Italiae
1929 661 2031 691 solum

390 715 625 742 sacramentum
657 712 820 743 fidelitatis
855 713 923 743 sine
954 713 1094 743 hominio
1119 713 1228 744 facere
1253 712 1372 744 debere
1396 713 1512 743 domno
1536 713 1737 754 imperatori,
1767 723 1872 754 neque
1896 712 2028 743 nuncios

391 764 594 804 imperatoris
619 764 649 794 in
674 765 803 805 palatiis
819 765 1045 806 episcoporum
1063 764 1277 806 recipiendos.
1317 765 1366 795 De
1384 765 1647 806 possessionibus
1666 764 1846 795 aecclesiae
1863 763 2030 794 Romanae

391 816 616 847 restituendis:
648 816 785 853 Tiburti,
815 816 994 854 Ferrariae,
1019 815 1159 851 Massae,
1189 816 1350 853 Ficorolii,
1382 816 1481 846 totius
1505 819 1612 846 terrae
1639 815 1830 846 cometissae
1854 814 2030 854 Mahtildis,

389 867 486 898 totius
518 872 623 899 terrae
649 878 730 909 quae
755 868 794 899 ab
819 867 1075 909 Aquapendente
1101 871 1150 898 est
1178 878 1280 909 usque
1305 867 1457 906 Romam,
1487 867 1623 898 ducatus
1650 867 1831 908 Spoletaui,
1855 867 2031 897 insularum

390 918 566 958 Sardiniae,
601 919 761 951 Corsicae.
813 919 866 950 Aa
897 919 970 950 haee
1001 928 1182 957 responsum
1213 919 1295 950 dedit
1326 919 1505 958 imperator,
1542 918 1622 958 quod
1652 919 1742 958 infra
1771 918 1886 949 edituri
1915 927 2029 949 sumus.

389 970 532 1009 Epistola
555 973 666 1007 (mitem,
696 981 758 1010 qua
781 970 988 1001 Ehe-hardus
1012 970 1258 1009 archiepiscopus
1280 971 1322 1001 acl
1344 971 1462 1001 curiam
1486 972 1626 1007 vocatur,
1659 972 1687 1001 et
1709 970 1778 1009 'ipsa
1796 971 1868 1009 post
1891 969 2030 1008 capitula

391 1022 451 1052 ista
471 1022 631 1061 proposita
654 1022 771 1060 scripta
794 1024 845 1053 est.

492 1073 622 1104 Praeter
645 1084 689 1111 ea,
713 1084 791 1113 [suae
813 1073 920 1104 attulit
938 1073 1138 1111 Raliewinus,
1161 1075 1286 1104 esrstant
1308 1073 1343 1103 in
1367 1073 1518 1104 codicibus
1541 1072 1670 1104 nruitis²
1693 1073 1771 1104 etin
1791 1072 2030 1104 Continuatione

388 1125 538 1164 Sigyeberti
561 1125 786 1164 Aquieinetina
809 1125 884 1164 (SS.
909 1124 962 1162 VI,
978 1126 1056 1161 408)
1079 1125 1210 1164 epistola
1235 1124 1399 1155 Hadriani
1416 1125 1475 1156 IV.
1500 1125 1575 1155 data
1598 1124 1765 1156 Praeneste
1787 1125 1861 1156 Iun,
1879 1125 1921 1155 24
1945 1123 2029 1164 (Lex

389 1177 498 1208 divina
521 1177 610 1215 Iaff'e,
635 1177 708 1217 Rey.
731 1179 820 1216 pont.
837 1176 923 1207 Rom.
947 1177 991 1208 ed.
1014 1177 1062 1208 II.
1087 1187 1137 1208 nr.
1154 1176 1273 1218 10575)
1298 1179 1325 1207 et
1349 1177 1505 1215 responsio
1530 1177 1727 1216 imperatoris
1751 1176 1837 1219 (Lex
1862 1175 2030 1217 iustitiae),

388 1238 468 1267 quas
497 1229 540 1259 ad
566 1229 646 1260 lianc
676 1229 914 1259 controversiam
937 1228 1102 1259 Bononiae
1135 1230 1234 1259 ortam
1260 1228 1421 1267 pertinere
1450 1229 1511 1259 viri
1541 1228 1621 1259 docti
1649 1228 1855 1259 credidermzt.
1900 1228 1945 1258 At
1968 1227 2031 1258 iam
2057 1238 2068 1256 2

389 1280 506 1311 iliadum
522 1290 710 1319 persuasmn
732 1280 834 1318 liabeo,
863 1280 920 1311 has
943 1280 1088 1318 epistolas
1111 1279 1263 1318 confectas
1285 1289 1347 1310 esse
1369 1280 1408 1310 ab
1431 1279 1552 1310 homine
1575 1279 1707 1319 quodam
1730 1289 1835 1311 coaevo
1858 1279 1912 1318 qui
1937 1278 2032 1310 Gesta

389 1330 548 1362 Frideriei
570 1331 733 1371 (liliyentcr
757 1331 892 1371 leym-iffi.
938 1331 1070 1370 Ideoque
1093 1340 1145 1361 eas
1168 1330 1221 1362 hoe
1244 1331 1306 1361 loeo
1324 1331 1495 1371 praeteriri
1515 1331 1568 1370 fas
1592 1333 1666 1362 erat.

581 1442 655 1474 179.
680 1443 962 1475 RESPONSUM
984 1443 1310 1476 IMPERATORIS
1333 1444 1400 1475 AD
1427 1444 1656 1477 CAPITULA
1680 1444 1844 1476 PAPAE.

491 1504 577 1535 Inest
602 1504 634 1534 in
660 1504 764 1535 Gestis
787 1504 944 1535 Frideriei
968 1505 987 1535 l.
1005 1504 1065 1542 IV,
1089 1515 1113 1536 c.
1130 1506 1170 1535 35
1188 1505 1259 1545 (30)
1283 1505 1327 1536 cd.
1351 1505 1454 1537 Wai'ti
1472 1516 1505 1544 p.
1521 1506 1594 1538 221.
1768 1504 1822 1545 (P.
1841 1506 1927 1545 115.)

491 1607 645 1643 Quamvis
670 1618 733 1638 non
757 1608 913 1648 ignorem,
938 1607 978 1638 ad
1002 1610 1093 1638 tanta
1116 1609 1246 1649 negotia
1269 1618 1333 1638 non
1357 1619 1399 1639 ex
1423 1609 1519 1639 animi
1543 1609 1607 1640 mei
1623 1608 1792 1645 sententia,
1818 1608 1875 1640 sed
1892 1619 1933 1639 ex
1950 1619 2027 1639 con·
2056 1624 2067 1641 ε’

390 1660 458 1689 silio
490 1659 669 1700 principum
703 1670 753 1689 me
778 1658 974 1700 respondere
998 1659 1128 1697 debere,
1160 1660 1228 1690 sine
1253 1659 1428 1701 preiudicio
1461 1664 1569 1691 tamen
1594 1661 1787 1702 sapientium
1820 1661 1881 1691 hoc
1906 1660 2027 1702 absque

389 1711 626 1741 consultatione
656 1710 847 1752 respondeo.
902 1710 1138 1753 Episcoporum
1168 1711 1281 1742 Italiae
1314 1722 1373 1753 ego
1405 1712 1534 1753 quidem
1563 1723 1627 1742 non
1651 1712 1768 1743 affecto
1794 1712 1979 1749 hominium,
2004 1712 2031 1743 si

393 1766 498 1793 tamen
523 1766 555 1793 et
579 1772 632 1792 eos
657 1762 696 1793 de
722 1763 839 1793 nostris
865 1762 1028 1803 regalibus
1052 1763 1149 1793 nichil
1173 1763 1313 1794 delectat
1338 1764 1468 1795 habere.
1515 1764 1578 1799 Qui
1603 1764 1629 1794 si
1652 1768 1819 1805 gratanter
1835 1764 1996 1795 audierint
2013 1775 2032 1795 a

388 1814 535 1845 Romano
572 1815 713 1856 presule:
750 1814 836 1855 ‘quid
870 1814 928 1845 tibi
964 1818 995 1845 et
1023 1813 1111 1855 regi',
1147 1818 1383 1856 consequenter
1418 1826 1543 1857 quoque
1575 1826 1630 1847 eos
1669 1816 1709 1846 ab
1740 1816 1936 1857 imperatore
1967 1825 2031 1846 non

389 1866 498 1907 pigeat
528 1866 653 1897 audire:
689 1866 774 1907 ‘quid
805 1866 862 1897 tibi
893 1870 924 1897 ct
956 1865 1199 1908 possessioni'4.
1251 1867 1395 1898 Nuncios
1427 1871 1554 1898 nostros
1583 1878 1645 1898 non
1676 1878 1747 1899 esse
1772 1867 1972 1909 recipiendos
1997 1867 2028 1897 in

389 1918 517 1959 palatiis
543 1918 764 1959 episcoporum
790 1918 915 1949 asserit.
963 1917 1124 1956 Concedo,
1149 1919 1174 1949 si
1194 1918 1274 1949 forte
1292 1919 1406 1960 aliquis
1425 1919 1647 1961 episcoporum
1666 1919 1763 1950 habet
1779 1919 1811 1949 in
1830 1929 1886 1949 suo
1903 1919 2030 1960 proprio

390 1969 458 2000 solo
485 1973 517 2000 et
540 1980 601 2000 non
632 1970 663 2000 in
695 1973 803 2000 nostro
835 1970 1001 2011 palatium.
1049 1970 1082 2001 Si
1108 1974 1216 2001 autem
1241 1971 1272 2001 in
1297 1974 1407 2001 nostro
1433 1971 1498 2001 solo
1523 1975 1555 2002 et
1579 1971 1697 2002 allodio
1722 1975 1795 2002 sunt
1819 1971 1937 2012 palatia
1960 1971 2028 2012 epi-

390 2031 572 2062 scoporum,
603 2032 674 2052 oum
704 2022 849 2063 profecto
878 2032 971 2053 omne
1002 2022 1086 2063 quod
1117 2022 1337 2053 inedificatur⁸
1366 2023 1431 2053 solo
1457 2023 1581 2058 cedat5,
1611 2026 1720 2054 nostra
1745 2026 1819 2053 sunt
1843 2025 1874 2053 et
1897 2023 2028 2064 palatia.

390 2073 511 2103 Iniuria
542 2083 618 2113 ergo
651 2076 753 2111 esset⁷
785 2074 810 2103 si
841 2074 911 2114 quis
942 2074 1075 2105 nuncios
1105 2077 1232 2104 nostros
1257 2085 1275 2104 a
1300 2075 1397 2115 regiis
1429 2075 1556 2116 palatiis
1582 2074 1777 2116 prohiberet.
1823 2074 1965 2115 Legatos
1989 2074 2029 2104 ab

390 2125 584 2166 imperatore
609 2124 648 2154 ad
674 2124 797 2155 Urbem
822 2135 883 2155 non
908 2135 980 2155 esse
1004 2125 1177 2156 mittendos
1201 2126 1351 2163 affirmat,
1385 2136 1456 2156 cum
1480 2127 1581 2156 omnis
1606 2127 1814 2167 magistratus
1838 2125 1916 2156 inibi
1938 2125 2027 2156 beati

390 2176 478 2207 Petri
509 2176 550 2206 sit
574 2186 644 2206 cum
673 2177 833 2207 universis
859 2177 1032 2217 regalibus.
1080 2177 1171 2208 Haec
1195 2188 1256 2216 res,
1281 2178 1395 2213 fateor,
1424 2188 1541 2219 magna
1565 2181 1615 2208 est
1640 2182 1671 2209 et
1694 2178 1801 2219 gravis
1826 2177 2028 2218 graviorique

495 2270 556 2296 179.
581 2272 603 2302 ³)
623 2272 774 2296 aedificatur
795 2272 819 2296 U.

495 2356 518 2387 l)
541 2355 647 2388 Scripta
666 2359 701 2381 cst
720 2356 781 2381 hacc
798 2357 909 2389 epistola
924 2360 984 2389 post
1003 2357 1071 2383 diem
1089 2360 1126 2383 31.
1143 2357 1222 2389 Maii,
1243 2357 1307 2390 quia
1326 2357 1356 2382 in
1372 2358 1425 2389 fine
1442 2357 1534 2390 affitur
1546 2357 1577 2382 de
1589 2357 1700 2389 eaptiris
1715 2357 1965 2389 Mediolanensibus,
1984 2356 2031 2389 qai

389 2398 434 2423 hoe
452 2397 494 2423 (lie
512 2398 581 2430 capti
599 2401 669 2430 sunt,
694 2407 713 2424 r.
738 2399 817 2424 Gesta
839 2400 855 2426 l.
870 2400 888 2425 Ι
893 2400 922 2431 V,
944 2408 964 2425 e.
979 2404 1012 2425 40
1031 2401 1092 2430 (34).
1199 2401 1225 2432 2)
1246 2400 1279 2425 Ε,
1290 2409 1314 2433 9.
1334 2399 1388 2425 eod.
1413 2400 1593 2432 arzitoyraphns
1611 2400 1737 2432 Sim—berti
1759 2402 1781 2425 ct
1800 2400 1916 2425 Ariselmi
1934 2399 2029 2425 Leodii

390 2444 540 2466 asseri-utus
559 2441 684 2473 ('‘Areliir'
704 2442 756 2474 XI,
772 2446 824 2468 517.
838 2445 903 2475 518),
922 2442 976 2469 eorl.
996 2443 1215 2468 Valeneemzmzsis
1228 2447 1278 2468 442
1295 2443 1338 2475 (P.
1352 2447 1373 2469 5.
1388 2445 1430 2476 54)
1444 2451 1507 2469 sace.
1520 2443 1704 2468 XII—XIII.
1717 2444 1737 2475 f,
1751 2443 1792 2469 75'
1812 2443 1884 2474 (ibid.
1897 2443 1949 2475 XI,
1961 2443 2027 2474 519),

392 2483 582 2509 Ottobouianus
594 2488 658 2510 3025
675 2485 695 2516 f.
705 2488 736 2510 37
747 2493 810 2511 saec.
823 2485 892 2511 XII.
907 2485 979 2517 (ibid.
995 2486 1066 2518 XII,
1081 2488 1146 2518 371)⁷
1166 2486 1222 2512 eod.
1239 2486 1344 2512 Musaei
1358 2486 1511 2511 Britamu‘ei
1523 2486 1584 2512 add.
1600 2494 1658 2511 mss.
1670 2489 1749 2512 24145
1765 2494 1832 2512 saec.
1844 2485 2028 2511 XII—XIII.

389 2528 408 2558 Γ·
425 2527 462 2552 77¹
481 2527 589 2558 (Neues
609 2528 713 2553 Archiv⁷
732 2528 751 2554 I
758 2528 785 2560 V,
800 2530 867 2561 369).
904 2528 1069 2554 Ediderunt:
1091 2529 1242 2554 Nauelerus
1259 2530 1289 2554 'in
1308 2529 1439 2555 Chronico
1458 2529 1506 2561 (ed.
1521 2529 1609 2555 Coton.
1624 2532 1694 2562 1579)
1708 2538 1736 2562 p.
1748 2532 1796 2555 839
1813 2537 1825 2554 e
1842 2529 1898 2554 cod.
1914 2528 2030 2553 Hirsau-

389 2569 474 2601 aiensi
493 2582 523 2591 Ξ
542 2570 630 2596 Otton.
646 2571 717 2596 Fris.
734 2571 832 2596 Chron.
852 2571 899 2603 (ecl.
920 2572 1041 2597 Basileae
1054 2573 1125 2603 1569)
1144 2580 1171 2604 p.
1184 2575 1245 2604 315,-
1266 2572 1374 2598 Goldast
1393 2572 1500 2598 Constit.
1514 2573 1573 2605 imp.
1589 2572 1612 2604 I,
1625 2575 1671 2598 :263
1691 2575 1714 2598 et
1734 2572 1783 2604 IV,
1795 2576 1816 2603 1,
1830 2575 1877 2604 58,
1895 2571 2030 2596 Baronius

390 2613 463 2638 Anu.
484 2613 541 2638 ecel.
561 2613 596 2637 ad
615 2622 639 2638 ιι.
653 2618 712 2639 1159
730 2616 745 2645 3<
757 2618 785 2645 5,·
804 2614 925 2639 Labbeus
945 2614 1062 2639 Collectio
1080 2615 1170 2640 concil.
1190 2615 1226 2647 X,
1242 2619 1318 2646 1149,-
1339 2616 1434 2641 Μαηεί
1451 2615 1512 2641 Con.
1526 2624 1593 2642 eone.
1608 2616 1692 2647 XXI,
1705 2619 1763 2647 79⁶5
1782 2615 1932 2646 Watterich,
1948 2614 2027 2639 Pont.

391 2655 465 2681 Rom.
483 2655 557 2681 Vitae
571 2656 612 2688 ΙΙ,
626 2659 686 2688 373;
705 2656 969 2688 Βοήεῇὲν-Βοὶσῖιονεΐ
989 2657 1084 2683 ‘Neues
1098 2657 1203 2683 Arehir’
1224 2658 1340 2690 XVIII,
1356 2662 1406 2684 165.
1486 2658 1512 2691 3)
1534 2658 1605 2683 Idem
1623 2661 1780 2684 censuerunt
1804 2658 1917 2691 Wayner
1936 2657 2027 2683 ‘Eber-

374 2697 457 2722 dno-d
469 2698 507 2723 II.
527 2706 577 2723 ron
596 2698 735 2732 Bambery'
754 2699 835 2724 Halis
851 2703 913 2725 1877
932 2707 961 2732 p.
978 2703 1027 2725 120
1050 2703 1071 2725 et
1097 2700 1373 2731 ›S'elieffer-Boiehorst
1397 2701 1412 2726 I.
1429 2709 1447 2726 e.
1466 2704 1512 2726 167
1521 2709 1555 2733 sq.
1660 2702 1687 2733 4>
1708 2701 1748 2733 Cf.
1766 2700 1914 2734 Aziqzcstini
1936 2700 1966 2725 in
1986 2700 2027 2725 Io-

389 2740 504 2767 hannem
523 2744 662 2767 traetatum
680 2742 754 2775 apud
775 2742 939 2768 Gratianum
956 2743 1024 2769 Dist.
1047 2743 1124 2769 VIII.
1143 2752 1163 2770 e.
1180 2748 1199 2769 1.
1289 2745 1316 2776 5)
1338 2743 1374 2776 Cf:
1394 2744 1502 2777 Diyesta
1523 2743 1598 2769 XLI
1612 2743 1650 2768 tit.
1666 2743 1690 2776 I,
1708 2747 1728 2770 7,
1743 2748 1780 2770 10.

2058 719 2081 737 10

2058 980 2079 998 15

2057 1881 2081 1899 30

2055 2139 2079 2157 35

2055 2452 2080 2470 40

2054 2665 2078 2683 45
