2205 3072
340 154 408 183 442»
742 151 922 177 FRIDERICI
942 151 960 176 I.
981 150 1302 177 CONSTITUTIONES.
1342 150 1414 176 1183.
1451 150 1497 176 Nr.
1513 150 1569 176 314.

342 248 411 267 mus
436 237 475 267 ab
501 238 559 268 hoc
584 238 748 278 proposito
772 237 960 270 desistendi.
1049 237 1099 279 (2)
1126 238 1212 269 Sane
1238 238 1423 279 imperiales
1446 238 1556 279 apices
1574 249 1612 269 ea
1629 248 1692 279 qua
1708 237 1817 268 decuit
1833 236 1979 277 benigni-

339 293 404 319 tate
435 289 633 330 suscepimus
664 300 839 331 eorumque
869 290 952 321 serie
982 291 1107 332 plenius
1133 291 1308 322 intellecta.
1339 293 1373 320 ut
1398 294 1472 321 tuae
1500 290 1681 321 celsitudini
1705 289 1744 320 de
1771 291 1880 319 nostra
1903 298 1979 318 con-

341 342 475 372 scientia
499 342 618 372 certius
637 342 831 379 innotescat,
857 343 1022 373 serenitati
1039 346 1113 373 tuae
1131 353 1189 384 per
1206 342 1333 383 singula
1350 341 1501 372 duximus
1519 341 1681 383 capitula¹¹
1707 339 1978 382 respondendum.

340 392 528 423 Recolimus
554 392 711 434 siquidem
736 404 795 425 nee
820 394 888 425 sine
913 395 1102 425 multimoda
1119 393 1399 425 commendatione
1423 394 1602 432 referimus,
1627 393 1713 435 quod
1731 393 1763 423 in
1779 392 1980 434 promotione

339 446 450 474 nostra
474 454 587 484 pacem
612 445 788 475 aecclesiae
813 448 868 476 tua
893 446 1088 477 excellentia
1113 448 1286 487 prosecuta
1310 445 1420 476 debita
1451 446 1634 476 reverentia
1658 448 1691 476 et
1714 444 1882 475 devotione
1907 454 1979 474 sus-

340 495 435 536 cepit,
461 495 544 536 quod
570 496 654 527 cirea
678 507 734 527 nos
759 507 872 528 manus
897 497 1028 528 Domini
1052 498 1153 528 voluit
1176 497 1252 528 noni
1277 508 1318 528 ex
1343 497 1461 527 nostris
1487 497 1608 528 meritis
1633 496 1689 527 sed
1714 508 1755 527 ex
1780 506 1839 527 sua
1856 496 1981 526 miseri-

340 547 448 577 cordia
471 548 608 588 operari,
633 548 803 580 attendens
828 550 909 580 sicut
934 549 1104 586 credimus,
1129 549 1213 591 quod
1239 550 1322 580 sicut
1347 549 1495 590 princeps
1521 560 1555 579 cs
1581 560 1623 579 ex
1646 549 1756 579 divina
1779 548 1982 579 institutione

340 598 530 635 katholicus,
550 600 594 630 ita
612 600 642 630 iu
660 601 818 631 aecelcsia
835 600 897 632 Dei
914 601 1056 632 revereri
1073 604 1104 631 et
1122 612 1251 632 servare
1269 601 1391 632 debeas
1408 601 1598 632 catholicam
1617 601 1785 631 unitatem.
1838 599 1887 641 (3)
1905 599 1984 630 Post

339 650 422 691 quod
454 651 602 689 fatemur,
633 663 689 682 nos
718 663 737 682 a
766 656 820 683 tua
850 652 1071 693 magnitudine
1102 663 1159 694 per
1189 653 1313 683 litteras
1344 656 1376 683 ct
1400 653 1534 683 nuncios
1560 652 1739 694 accepisse,
1773 651 1857 696 quod
1882 652 1981 693 patri-

341 703 482 733 monium
508 704 700 742 aecclesiae,
725 704 807 734 sicut
831 704 871 734 ad
896 708 986 735 tuum
1005 708 1132 746 spectat
1149 704 1300 742 officium⁷
1326 705 1385 735 sub
1403 708 1458 735 tua
1475 705 1605 735 volebas
1622 704 1820 746 protectione
1837 704 1982 745 recipere

341 757 372 784 et
396 754 435 784 ad
460 754 528 793 hoc,
555 755 581 785 si
606 756 636 785 in
662 759 788 786 nostrae
813 756 1006 787 consisteret
1030 756 1233 797 beneplacito
1252 756 1437 792 voluntatis,
1463 756 1675 787 IIeinricumk
1699 755 1855 786 illustrem
1874 766 1982 797 regem

340 809 415 835 tuae
444 807 674 837 excellentiac¹
698 807 796 838 filium
827 807 1005 838 destinare:
1037 808 1123 838 bona
1147 808 1256 849 utique
1282 811 1314 839 et
1338 807 1594 839 commendanda
1617 807 1799 849 promissio,
1825 808 1849 838 si
1874 807 1984 838 debita

341 858 479 888 efficatia.
496 859 721 900 compleretur.
763 859 827 890 Sed
845 859 927 900 quod
947 860 1016 889 sine
1035 859 1288 890 ammirationc'¹¹
1313 870 1376 890 non
1395 860 1534 897 ferimus,
1561 870 1610 890 res
1628 860 1659 890 in
1678 860 1873 890 contrarium
1891 871 1984 891 versa

340 912 399 945 est,
425 920 495 940 cum
521 910 604 940 idem
629 911 763 941 illustris
788 911 873 941 filius
899 914 972 941 tuus
1000 922 1061 941 non
1087 911 1127 941 ad
1151 911 1377 942 defensionem
1404 916 1509 942 terrae
1535 915 1677 947 nostrae,
1711 911 1767 942 scd
1792 912 1919 953 potius¹¹
1943 912 1984 943 ad

341 962 583 1002 oppressionem
614 962 781 994 videatur⁰
814 963 981 994 intendere
1012 967 1044 993 et
1074 974 1093 993 a
1128 963 1310 994 civitatibus
1340 967 1371 994 et
1404 964 1474 994 aliis
1508 964 1599 1001 locis,
1636 973 1697 1004 que
1727 966 1856 994 nostrae
1888 964 1981 995 iuris-

341 1012 510 1043 dictionis1¹
544 1014 698 1052 existunt,
732 1014 853 1045 Narnia
878 1015 1038 1051 videlicet,
1065 1015 1245 1053 Viterbio‘l,
1271 1016 1425 1047 Perusior
1450 1020 1483 1047 et
1507 1016 1701 1058 quibusdam
1726 1016 1808 1053 aliis,
1840 1016 1984 1047 fodrums

341 1067 373 1094 et
402 1065 465 1095 alia
494 1065 638 1096 indebita
668 1067 803 1096 servicia
833 1067 944 1108 exigat
976 1071 1008 1098 et
1038 1067 1230 1108 quibusdam
1265 1067 1503 1109 denegantibus
1533 1067 1633 1109 quodt
1657 1068 1801 1109 postulat
1826 1079 1881 1109 pro
1908 1079 1984 1099 suae

342 1116 516 1147 voluntatis
548 1117 679 1148 arbitrio
711 1119 934 1150 comminetur.
982 1119 1107 1149 Placuit
1132 1119 1230 1160 igitur
1254 1120 1434 1161 promissio,
1468 1120 1587 1161 placuit
1611 1123 1643 1151 et
1667 1120 1819 1153 affectus:
1854 1124 1886 1151 et
1910 1120 1985 1161 quia

341 1168 520 1198 contrarius
554 1169 689 1199 effectus
721 1170 859 1204 extititu,
891 1181 988 1211 grave
1020 1171 1160 1211 gerimus
1194 1182 1252 1201 nec
1279 1174 1351 1201 tuae
1377 1172 1538 1202 credimus
1563 1172 1777 1203 excellentiae
1803 1173 1983 1203 convenire.

341 1218 387 1259 (l)
414 1219 506 1255 Quod
535 1224 643 1251 autem
668 1221 908 1252 NouariensesV
932 1233 951 1252 a
976 1221 1096 1252 Christi
1128 1233 1275 1264 corpore,
1310 1223 1391 1263 quod
1423 1228 1472 1254 est
1501 1224 1669 1257 aecclesia,
1700 1234 1757 1265 pro
1783 1224 1876 1265 culpa
1900 1229 1984 1255 suaW

341 1275 508 1312 separatos
527 1276 582 1303 tua
599 1274 758 1304 serenitas
776 1273 961 1307 dcvitavitx.
987 1274 1099 1305 debita
1117 1274 1416 1305 commendationey
1440 1275 1673 1316 prosequimur,
1698 1286 1757 1306 nec
1779 1276 1873 1306 aliter
1890 1276 1987 1307 saluti

341 1326 372 1353 et
396 1323 509 1354 honori
533 1327 597 1361 tuo,
629 1325 682 1366 qui
706 1325 874 1356 universos
899 1327 1116 1357 extollentesz
1142 1338 1175 1357 sc
1200 1326 1356 1357 adversus
1381 1326 1487 1358 Deum
1517 1330 1549 1357 ct
1578 1327 1770 1358 aecclesiam
1796 1333 1908 1358 suama
1933 1339 1985 1359 ac-

341 1379 436 1416 cepta
467 1375 567 1407 debes
597 1380 756 1418 potestate
789 1378 963 1419 reprimere
997 1382 1028 1409 et
1059 1382 1180 1409 statuta
1205 1378 1448 1409 aecclesiastica
1473 1379 1606 1409 firmiter
1629 1378 1816 1418 observare,
1846 1390 1985 1421 congrue

342 1427 547 1467 providisses.
636 1428 684 1463 (5)
711 1429 761 1459 Ex
794 1440 831 1460 co
859 1441 934 1461 vero
963 1430 1048 1471 quod
1081 1431 1172 1461 nobis
1205 1441 1302 1472 super
1332 1431 1418 1461 facto
1444 1430 1734 1462 Cremonensiumb
1758 1431 1923 1464 intimasti.
1949 1443 1985 1462 eo

2012 718 2035 736 11)

2012 977 2035 994 15

2012 1238 2036 1256 21)

341 1479 470 1519 gravius
500 1481 714 1516 ammiramur,
749 1492 810 1522 quo
841 1482 993 1512 affectum
1027 1486 1115 1513 tuum
1142 1481 1180 1512 ad
1206 1482 1265 1513 hoc
1292 1483 1515 1523 cognoscimus
1541 1483 1646 1514 aliena
1671 1483 1750 1514 forte
1775 1484 1984 1524 suggestione
2014 1497 2037 1514 τε,

342 1530 515 1563 inductum.
540 1536 575 1562 ut
598 1543 655 1573 pro
680 1532 739 1564 his.
765 1544 826 1574 que
851 1534 1047 1574 gratiarumc
1071 1533 1171 1565 debes
1196 1534 1348 1575 prosequi
1374 1534 1510 1565 actione.
1535 1535 1724 1576 concepisse
1743 1535 1774 1565 in
1792 1535 1987 1566 eontrarium

343 1582 491 1614 videaris.
542 1584 623 1614 Nam
656 1595 726 1614 cum
760 1584 998 1616 Cremonenses
1030 1586 1089 1627 ipsi
1123 1586 1231 1627 sepius
1264 1586 1303 1616 ad
1338 1589 1478 1616 nostram
1504 1587 1720 1617 accessissent
1749 1587 1988 1628 praescntiam¹¹

343 1634 504 1665 humiliter
520 1637 732 1676 postulantes.
758 1640 791 1666 ut
814 1648 870 1667 cos
889 1637 946 1667 sub
964 1638 1164 1678 protectione
1183 1637 1268 1668 sedis
1285 1638 1484 1679 apostolicae
1502 1638 1646 1680 recipere
1665 1638 1888 1673 deberemus0,
1913 1639 1989 1669 licet

343 1685 372 1716 id
406 1687 495 1716 salva
527 1687 726 1718 conscientia
757 1689 956 1729 potuerimus
985 1689 1177 1721 admisisses.
1209 1689 1261 1730 qui
1291 1690 1449 1720 universis
1481 1689 1521 1720 ad
1550 1701 1607 1720 nos
1632 1689 1747 1721 devote
1773 1690 1987 1721 clamantibus

342 1738 483 1768 favorem
509 1742 656 1769 tenemur
680 1740 891 1781 apostolieum
917 1740 1071 1781 impertiri,
1099 1752 1137 1771 ne
1163 1745 1269 1771 tamen
1295 1744 1405 1772 contra
1429 1742 1655 1773 excellentiam
1681 1746 1788 1772 tuam'o'
1812 1742 1851 1773 dc
1876 1743 1986 1774 favore
2015 1756 2031 1772 a·

344 1793 452 1820 nostro
477 1791 653 1821 existerent
676 1792 933 1827 insolentioresh,
971 1793 1166 1833 peticionem
1192 1793 1334 1834 ipsorum
1359 1804 1561 1834 nequaquam
1586 1794 1784 1825 admisimus.
1818 1797 1851 1825 et
1874 1798 1909 1825 ut
1933 1798 1988 1825 tua

344 1842 546 1883 providentia
569 1854 629 1873 uon
657 1844 793 1884 ignoret,
819 1843 903 1884 quod
928 1844 1010 1874 inter
1037 1848 1067 1874 te
1093 1847 1125 1874 ct
1142 1845 1228 1885 ipsos
1246 1855 1358 1885 pat-cm
1377 1848 1409 1875 et
1428 1845 1632 1875 concordiam
1656 1845 1851 1876 noluerimus
1870 1845 1986 1876 distur-

344 1893 419 1923 bare
445 1894 592 1934 —quod
626 1895 651 1925 si
687 1895 768 1926 forte
802 1895 1031 1929 voluissemus,
1066 1896 1159 1926 aliter
1190 1897 1322 1937 negotia
1351 1897 1587 1938 processissent
1619 1916 1655 1919 ——
1688 1897 1867 1928 venerabili
1899 1897 1989 1927 fratri

347 1949 456 1976 nostro
484 1946 660 1985 soem-dor
685 1946 895 1978 Cremonensi
920 1948 1080 1989 episcopo.
1114 1958 1184 1978 cum
1210 1948 1249 1978 ad
1275 1952 1447 1979 tractatum
1472 1949 1571 1990 ipsius
1597 1950 1684 1990 pacis
1709 1949 1901 1987 intenderet,
1932 1949 1988 1980 dc-

344 1997 449 2027 dimus
475 1997 506 2027 in
532 1997 721 2029 mandatisk.
753 2002 788 2028 ut
819 1999 857 2029 de
891 1999 1096 2030 reformanda
1121 1999 1292 2030 concordia
1317 2001 1401 2030 omni
1426 2011 1489 2041 qua
1518 2004 1630 2041 posset
1654 2001 1871 2032 sollicitudine
1896 2001 1986 2032 labo-

348 2052 441 2080 raret.
488 2049 525 2079 In
551 2059 612 2089 quo
637 2050 663 2079 si
687 2060 782 2090 quam
807 2050 925 2080 habeas
954 2051 1124 2081 materiam
1149 2051 1377 2091 conquerendi.
1409 2052 1566 2082 serenitas
1595 2055 1651 2083 tua
1676 2053 1867 2087 consideret,
1893 2052 1988 2094 quodl

346 2112 404 2131 nos
430 2100 460 2130 id
486 2104 689 2131 recurrentes
714 2101 754 2131 ad
780 2102 1004 2134 memoriamffl.
1030 2103 1260 2133 conscientiam
1287 2114 1349 2133 non
1374 2103 1532 2135 videmus.
1622 2106 1670 2145 (b)
1695 2104 1864 2146 Episcopis
1882 2108 1989 2135 autem

347 2153 398 2183 vel
422 2152 604 2183 civitatibus
628 2152 875 2193 Longobardiae
885 2158 897 2170 ¹¹
923 2164 1126 2195 nequaquam
1151 2165 1208 2185 nos
1232 2155 1437 2195 prohibuisse
1455 2156 1669 2192 meminimus,
1695 2167 1734 2187 ne
1758 2156 1990 2197 magnitudini0

347 2208 420 2234 tuae
454 2204 512 2234 in¹¹¹
544 2205 776 2245 inpugnatione
802 2204 1093 2236 CremonensiumP
1127 2206 1268 2247 ipsorum
1298 2208 1489 2238 assisterent
1521 2211 1553 2238 et
1584 2208 1753 2238 consilium
1778 2211 1811 2238 et
1834 2208 1989 2238 auxilium

345 2255 490 2286 debitum
523 2256 754 2289 ministrarent:
792 2257 867 2287 licet
897 2257 1066 2298 episcopos
1099 2257 1139 2287 ab
1175 2258 1265 2288 hoc¹¹¹
1299 2259 1410 2289 merito
1443 2259 1643 2300 potuerimus
1678 2259 1882 2301 prohibei-01¹,
1918 2271 1989 2290 cum

347 2308 511 2338 aecclesiis
539 2308 659 2338 Italicis
693 2319 895 2349 nequaquam
925 2309 1080 2339 hactenus
1112 2309 1208 2339 fucrit
1233 2314 1421 2341 consuetum
1448 2311 1529 2341 hane
1554 2312 1742 2342 servitutem
1767 2311 1934 2352 inponere,
1961 2314 1993 2342 et

346 2360 567 2400 imperialibus
593 2360 771 2401 privilegiis
798 2371 965 2401 expresse.
991 2361 1073 2390 sicut
1097 2364 1152 2391 tua
1177 2362 1333 2392 serenitas
1358 2373 1421 2393 non
1446 2362 1585 2395 dubitat.
1613 2363 1778 2394 habeatur.
1803 2362 1887 2403 quod
1913 2363 1991 2404 ipsis

347 2412 494 2442 ecclesiis
519 2422 617 2442 novas
642 2412 843 2442 conditiones
871 2415 925 2442 tua
950 2423 1011 2442 non
1037 2412 1156 2442 debeat
1180 2412 1332 2443 inducere
1358 2413 1504 2444 altitude.
1553 2414 1620 2444 Nec
1646 2425 1744 2455 grave
1763 2414 1991 2445 excellentiam

448 2514 511 2540 314.
539 2514 563 2546 1Ι)
583 2516 696 2547 capitula
718 2516 737 2540 l.
827 2515 844 2541 ἰ)
864 2525 914 2540 non
934 2529 966 2532 -
986 2516 1158 2539 misericordia
1177 2516 1228 2540 das.
1246 2516 1266 2541 l.
1356 2516 1379 2547 k)
1400 2519 1430 2542 11.
1454 2518 1473 2542 1.
1546 2517 1563 2547 ¹)
1584 2526 1638 2542 exc.
1659 2522 1716 2542 tuae
1736 2518 1759 2542 2.
1831 2519 1862 2549 ¹¹¹)
1882 2519 1947 2543 adm.
1966 2520 1989 2542 2.

346 2558 370 2587 ΙΙ)
389 2558 455 2582 deest
477 2558 497 2582 l.
568 2558 591 2589 U)
612 2560 660 2582 vi-l.
680 2560 710 2583 ad
730 2568 797 2591 mppr.
818 2559 840 2582 2.
912 2563 936 2580 Ρ)
959 2558 1124 2582 iurisditinnis
1146 2558 1167 2582 1.
1239 2565 1262 2582 ⁴1!
1284 2564 1308 2583 et
1328 2561 1447 2592 Byterbio
1465 2560 1484 2585 l.
1555 2561 1576 2591 r)
1599 2561 1704 2585 verusio
1724 2562 1748 2585 2².
1819 2562 1840 2589 δ)
1860 2562 1945 2586 l'odum
1963 2562 1988 2589 l:

348 2603 427 2625 sorum
447 2601 471 2626 2.
559 2602 577 2626 ί)
598 2611 660 2633 quos
679 2601 702 2625 2.
791 2602 816 2627 ῑῑ),
836 2602 921 2625 existit
940 2602 963 2625 2.
1052 2602 1074 2631 v)
1095 2602 1245 2625 Nox-arianis
1266 2603 1288 2626 2.
1365 2603 1396 2635 w)
1416 2613 1461 2635 pro
1481 2604 1556 2636 eulpa
1576 2612 1622 2628 sua
1643 2613 1658 2628 a
1677 2605 1769 2628 (flu-isti
1790 2618 1820 2621 —
1841 2605 1948 2629 ecclesia
1967 2606 1989 2629 2.

347 2646 370 2671 x)
391 2645 479 2668 vitavit
492 2644 515 2669 2,
586 2646 609 2670 Υ)
630 2646 804 2669 cinemlationc
824 2654 890 2669 corr.
907 2644 927 2668 l.
998 2646 1019 2675 z)
1039 2645 1062 2667 ἱιν
1080 2654 1158 2675 [Μαι-χχ.
1173 2646 1255 2675 suppl.
1273 2646 1293 2669 l.
1366 2649 1389 2673 ²¹)
1409 2647 1463 2671 eius
1478 2647 1501 2671 2.
1573 2647 1595 2677 ῘΙ)
1615 2648 1778 2671 Crenamensi
1796 2647 1820 2678 l;
1840 2650 1953 2672 (remon.
1968 2649 1991 2672 2.

347 2692 368 2710 Ψ)
388 2688 483 2718 gratiae
505 2687 523 2711 l.
596 2686 619 2709 ‘ll
641 2697 718 2719 praes:
739 2696 790 2712 nee.
810 2688 833 2712 2.
914 2690 935 2712 ε3)
955 2696 993 2718 ap.
1013 2687 1078 2711 sedis
1099 2688 1251 2719 protectione
1271 2689 1326 2713 deb.
1347 2690 1457 2721 recipere
1477 2690 1500 2714 2.
1573 2689 1597 2721 s)
1619 2691 1763 2714 adinississe
1784 2690 1805 2714 l.
1877 2690 1902 2720 g)
1921 2695 1991 2715 tuam

347 2727 444 2753 ‹ui-(2.
533 2729 555 2760 ¹¹)
575 2731 621 2754 ins.
641 2731 712 2754 exist.
733 2730 754 2755 2,
844 2730 861 2760 i)
882 2730 948 2754 (locst.
966 2730 989 2754 2.
1078 2728 1102 2754 k,
1123 2731 1269 2755 mandatum
1290 2732 1313 2755 2.
1402 2731 1419 2758 l,
1440 2733 1501 2764 quia
1523 2732 1544 2757 1,
1636 2734 1667 2762 ¹¹¹)
1691 2733 1756 2757 deest
1775 2733 1798 2758 2.
1876 2734 1900 2763 n)
1919 2735 1992 2758 Lom-

348 2774 447 2797 lmrdiae
466 2774 488 2797 2.
577 2778 599 2797 ⁰>
620 2774 800 2805 magnitudinis
819 2774 841 2797 ’.2.
930 2775 954 2802 1¹)
973 2775 1088 2797 Creuion.
1108 2772 1131 2797 2.
1224 2777 1250 2804 ⁴1)
1271 2775 1431 2806 prohibuisse
1455 2776 1478 2799 2.

2016 2014 2039 2031 :55

2018 2271 2042 2289 40

2021 2569 2041 2586 15

2020 2783 2044 2800 δυ
