<?xml version="1.0" encoding="UTF-8"?>
<!DOCTYPE html PUBLIC "-//W3C//DTD XHTML 1.0 Transitional//EN"
    "http://www.w3.org/TR/xhtml1/DTD/xhtml1-transitional.dtd">
<html xmlns="http://www.w3.org/1999/xhtml" xml:lang="en" lang="en">
 <head>
  <title>
</title>
<meta http-equiv="Content-Type" content="text/html;charset=utf-8" />
  <meta name='ocr-system' content='tesseract 3.04.00' />
  <meta name='ocr-capabilities' content='ocr_page ocr_carea ocr_par ocr_line ocrx_word'/>
</head>
<body>
  <div class='ocr_page' id='page_1' title='image "./monumentagelegum01geseuoft_0585.png"; bbox 0 0 2205 3072; ppageno 0'>
   <div class='ocr_carea' id='block_1_1' title="bbox 144 765 166 782">
    <p class='ocr_par' dir='ltr' id='par_1_1' title="bbox 144 765 166 782">
     <span class='ocr_line' id='line_1_1' title="bbox 144 765 166 782; baseline 0.045 -3"><span class='ocrx_word' id='word_1_1' title='bbox 144 765 166 782; x_wconf 67' lang='lat' dir='ltr'>ll)</span> 
     </span>
    </p>
   </div>
   <div class='ocr_carea' id='block_1_2' title="bbox 190 199 2003 379">
    <p class='ocr_par' dir='ltr' id='par_1_2' title="bbox 190 199 2003 379">
     <span class='ocr_line' id='line_1_2' title="bbox 535 199 1836 230; baseline 0 -6"><span class='ocrx_word' id='word_1_2' title='bbox 535 199 708 226; x_wconf 61' lang='lat' dir='ltr'>GREGORH</span> <span class='ocrx_word' id='word_1_3' title='bbox 730 200 788 226; x_wconf 91' lang='lat' dir='ltr'>Vll.</span> <span class='ocrx_word' id='word_1_4' title='bbox 808 199 1007 225; x_wconf 77' lang='lat' dir='ltr'>CONCILIUM</span> <span class='ocrx_word' id='word_1_5' title='bbox 1028 199 1222 225; x_wconf 78' lang='lat' dir='ltr'>ROMANUM.</span> <span class='ocrx_word' id='word_1_6' title='bbox 1262 199 1335 225; x_wconf 74' lang='lat'>1080.</span> <span class='ocrx_word' id='word_1_7' title='bbox 1374 199 1490 225; x_wconf 76' lang='lat' dir='ltr'>N1-.391.</span> <span class='ocrx_word' id='word_1_8' title='bbox 1776 202 1836 230; x_wconf 77' lang='lat'>557</span> 
     </span>
     <span class='ocr_line' id='line_1_3' title="bbox 191 285 1834 327; baseline -0.001 -10"><span class='ocrx_word' id='word_1_9' title='bbox 191 287 338 325; x_wconf 85' lang='lat' dir='ltr'>scientia,</span> <span class='ocrx_word' id='word_1_10' title='bbox 363 287 417 327; x_wconf 94' lang='lat' dir='ltr'>qui</span> <span class='ocrx_word' id='word_1_11' title='bbox 442 286 564 317; x_wconf 84' lang='lat' dir='ltr'>animas</span> <span class='ocrx_word' id='word_1_12' title='bbox 589 286 751 317; x_wconf 88' lang='lat' dir='ltr'>hominum</span> <span class='ocrx_word' id='word_1_13' title='bbox 777 286 880 327; x_wconf 86' lang='lat' dir='ltr'>magis</span> <span class='ocrx_word' id='word_1_14' title='bbox 906 285 945 316; x_wconf 90' lang='lat' dir='ltr'>ad</span> <span class='ocrx_word' id='word_1_15' title='bbox 969 285 1134 316; x_wconf 86' lang='lat' dir='ltr'>interitum</span> <span class='ocrx_word' id='word_1_16' title='bbox 1153 295 1248 326; x_wconf 84' lang='lat' dir='ltr'>quam</span> <span class='ocrx_word' id='word_1_17' title='bbox 1267 285 1306 316; x_wconf 89' lang='lat' dir='ltr'>ad</span> <span class='ocrx_word' id='word_1_18' title='bbox 1326 286 1462 317; x_wconf 85' lang='lat' dir='ltr'>salutem</span> <span class='ocrx_word' id='word_1_19' title='bbox 1481 286 1611 323; x_wconf 87' lang='lat' dir='ltr'>ducunt,</span> <span class='ocrx_word' id='word_1_20' title='bbox 1638 289 1721 316; x_wconf 87' lang='lat' dir='ltr'>teste.</span> <span class='ocrx_word' id='word_1_21' title='bbox 1740 286 1834 316; x_wconf 84' lang='lat' dir='ltr'>Veri-</span> 
     </span>
     <span class='ocr_line' id='line_1_4' title="bbox 190 337 2003 379; baseline 0 -11"><span class='ocrx_word' id='word_1_22' title='bbox 190 342 257 369; x_wconf 85' lang='lat' dir='ltr'>tate</span> <span class='ocrx_word' id='word_1_23' title='bbox 282 348 364 379; x_wconf 91' lang='lat' dir='ltr'>quae</span> <span class='ocrx_word' id='word_1_24' title='bbox 388 338 446 368; x_wconf 90' lang='lat' dir='ltr'>ait:</span> <span class='ocrx_word' id='word_1_25' title='bbox 473 338 508 368; x_wconf 73' lang='lat' dir='ltr'>‘si</span> <span class='ocrx_word' id='word_1_26' title='bbox 537 348 654 368; x_wconf 87' lang='lat' dir='ltr'>caecus</span> <span class='ocrx_word' id='word_1_27' title='bbox 680 348 812 369; x_wconf 89' lang='lat' dir='ltr'>caecum</span> <span class='ocrx_word' id='word_1_28' title='bbox 837 337 942 373; x_wconf 83' lang='lat' dir='ltr'>ducat,</span> <span class='ocrx_word' id='word_1_29' title='bbox 968 337 1061 368; x_wconf 87' lang='lat' dir='ltr'>ambo</span> <span class='ocrx_word' id='word_1_30' title='bbox 1087 337 1119 367; x_wconf 90' lang='lat' dir='ltr'>in</span> <span class='ocrx_word' id='word_1_31' title='bbox 1143 337 1267 367; x_wconf 82' lang='lat' dir='ltr'>foveam</span> <span class='ocrx_word' id='word_1_32' title='bbox 1288 337 1427 370; x_wconf 71' lang='lat' dir='ltr'>cadunt&#39;:</span> <span class='ocrx_word' id='word_1_33' title='bbox 1452 338 1508 368; x_wconf 84' lang='lat' dir='ltr'>sed</span> <span class='ocrx_word' id='word_1_34' title='bbox 1533 338 1572 369; x_wconf 86' lang='lat' dir='ltr'>ad</span> <span class='ocrx_word' id='word_1_35' title='bbox 1592 349 1658 374; x_wconf 79' lang='lat' dir='ltr'>eos,</span> <span class='ocrx_word' id='word_1_36' title='bbox 1684 338 1737 378; x_wconf 89' lang='lat' dir='ltr'>qui</span> <span class='ocrx_word' id='word_1_37' title='bbox 1763 338 2003 369; x_wconf 68' lang='lat' dir='ltr'>1=eli-n2m1..1:·,.1⁴.</span> 
     </span>
    </p>
   </div>
   <div class='ocr_carea' id='block_1_3' title="bbox 192 388 1838 472">
    <p class='ocr_par' dir='ltr' id='par_1_3' title="bbox 192 388 1838 472">
     <span class='ocr_line' id='line_1_5' title="bbox 192 388 1838 431; baseline -0.001 -11"><span class='ocrx_word' id='word_1_38' title='bbox 192 390 288 431; x_wconf 85' lang='lat' dir='ltr'>gione</span> <span class='ocrx_word' id='word_1_39' title='bbox 325 393 358 420; x_wconf 90' lang='lat' dir='ltr'>et</span> <span class='ocrx_word' id='word_1_40' title='bbox 395 390 624 430; x_wconf 85' lang='lat' dir='ltr'>scripturarum</span> <span class='ocrx_word' id='word_1_41' title='bbox 660 388 804 420; x_wconf 84' lang='lat' dir='ltr'>doctrina</span> <span class='ocrx_word' id='word_1_42' title='bbox 839 389 984 419; x_wconf 77' lang='lat' dir='ltr'>instructi</span> <span class='ocrx_word' id='word_1_43' title='bbox 1019 388 1103 418; x_wconf 88' lang='lat' dir='ltr'>viam</span> <span class='ocrx_word' id='word_1_44' title='bbox 1141 389 1285 419; x_wconf 88' lang='lat' dir='ltr'>veritatis</span> <span class='ocrx_word' id='word_1_45' title='bbox 1321 393 1352 419; x_wconf 85' lang='lat' dir='ltr'>et</span> <span class='ocrx_word' id='word_1_46' title='bbox 1391 390 1503 420; x_wconf 84' lang='lat' dir='ltr'>salutis</span> <span class='ocrx_word' id='word_1_47' title='bbox 1536 389 1626 420; x_wconf 80' lang='lat' dir='ltr'>vobis</span> <span class='ocrx_word' id='word_1_48' title='bbox 1665 389 1838 419; x_wconf 79' lang='lat' dir='ltr'>ostendere</span> 
     </span>
     <span class='ocr_line' id='line_1_6' title="bbox 193 442 332 472; baseline 0 0"><span class='ocrx_word' id='word_1_49' title='bbox 193 442 332 472; x_wconf 84' lang='lat' dir='ltr'>valeant.</span> 
     </span>
    </p>
   </div>
   <div class='ocr_carea' id='block_1_4' title="bbox 192 491 1844 999">
    <p class='ocr_par' dir='ltr' id='par_1_4' title="bbox 297 491 1036 534">
     <span class='ocr_line' id='line_1_7' title="bbox 297 491 1036 534; baseline -0.003 -11"><span class='ocrx_word' id='word_1_50' title='bbox 297 494 326 523; x_wconf 82' lang='lat'>6.</span> <span class='ocrx_word' id='word_1_51' title='bbox 356 492 454 523; x_wconf 88' lang='lat' dir='ltr'>Item</span> <span class='ocrx_word' id='word_1_52' title='bbox 486 492 530 523; x_wconf 87' lang='lat' dir='ltr'>de</span> <span class='ocrx_word' id='word_1_53' title='bbox 560 492 760 523; x_wconf 79' lang='lat' dir='ltr'>electione</span> <span class='ocrx_word' id='word_1_54' title='bbox 792 491 1036 534; x_wconf 84' lang='lat' dir='ltr'>pontificum.</span> 
     </span>
    </p>

    <p class='ocr_par' dir='ltr' id='par_1_5' title="bbox 192 542 1844 999">
     <span class='ocr_line' id='line_1_8' title="bbox 297 542 1841 586; baseline -0.001 -11"><span class='ocrx_word' id='word_1_55' title='bbox 297 544 467 580; x_wconf 78' lang='lat' dir='ltr'>Quotiens,</span> <span class='ocrx_word' id='word_1_56' title='bbox 497 544 651 575; x_wconf 87' lang='lat' dir='ltr'>defuncto</span> <span class='ocrx_word' id='word_1_57' title='bbox 676 547 805 586; x_wconf 78' lang='lat' dir='ltr'>pastore</span> <span class='ocrx_word' id='word_1_58' title='bbox 829 543 964 574; x_wconf 86' lang='lat' dir='ltr'>alicuius</span> <span class='ocrx_word' id='word_1_59' title='bbox 988 543 1159 579; x_wconf 86' lang='lat' dir='ltr'>ecclesiae,</span> <span class='ocrx_word' id='word_1_60' title='bbox 1192 543 1274 573; x_wconf 84' lang='lat' dir='ltr'>alius</span> <span class='ocrx_word' id='word_1_61' title='bbox 1300 546 1349 573; x_wconf 86' lang='lat' dir='ltr'>est</span> <span class='ocrx_word' id='word_1_62' title='bbox 1373 543 1401 573; x_wconf 93' lang='lat' dir='ltr'>ei</span> <span class='ocrx_word' id='word_1_63' title='bbox 1427 543 1580 574; x_wconf 84' lang='lat' dir='ltr'>canonice</span> <span class='ocrx_word' id='word_1_64' title='bbox 1606 542 1841 583; x_wconf 69' lang='lat' dir='ltr'>subrogandus,</span> 
     </span>
     <span class='ocr_line' id='line_1_9' title="bbox 192 594 1841 638; baseline -0.001 -12"><span class='ocrx_word' id='word_1_65' title='bbox 192 596 347 626; x_wconf 87' lang='lat' dir='ltr'>instantia</span> <span class='ocrx_word' id='word_1_66' title='bbox 372 596 546 627; x_wconf 79' lang='lat' dir='ltr'>visitatoris</span> <span class='ocrx_word' id='word_1_67' title='bbox 571 596 725 638; x_wconf 84' lang='lat' dir='ltr'>episcopi,</span> <span class='ocrx_word' id='word_1_68' title='bbox 757 596 810 637; x_wconf 91' lang='lat' dir='ltr'>qui</span> <span class='ocrx_word' id='word_1_69' title='bbox 839 596 867 626; x_wconf 90' lang='lat' dir='ltr'>ei</span> <span class='ocrx_word' id='word_1_70' title='bbox 892 595 932 625; x_wconf 82' lang='lat' dir='ltr'>ab</span> <span class='ocrx_word' id='word_1_71' title='bbox 958 595 1138 636; x_wconf 85' lang='lat' dir='ltr'>apostolica</span> <span class='ocrx_word' id='word_1_72' title='bbox 1164 594 1212 624; x_wconf 83' lang='lat' dir='ltr'>vel</span> <span class='ocrx_word' id='word_1_73' title='bbox 1243 595 1489 636; x_wconf 85' lang='lat' dir='ltr'>metropolitana</span> <span class='ocrx_word' id='word_1_74' title='bbox 1514 595 1591 625; x_wconf 78' lang='lat' dir='ltr'>sede</span> <span class='ocrx_word' id='word_1_75' title='bbox 1616 596 1756 626; x_wconf 79' lang='lat' dir='ltr'>directus</span> <span class='ocrx_word' id='word_1_76' title='bbox 1782 598 1841 629; x_wconf 81' lang='lat' dir='ltr'>est,</span> 
     </span>
     <span class='ocr_line' id='line_1_10' title="bbox 192 646 1842 689; baseline -0.001 -12"><span class='ocrx_word' id='word_1_77' title='bbox 192 647 296 678; x_wconf 85' lang='lat' dir='ltr'>clerus</span> <span class='ocrx_word' id='word_1_78' title='bbox 326 650 358 678; x_wconf 87' lang='lat' dir='ltr'>et</span> <span class='ocrx_word' id='word_1_79' title='bbox 388 648 536 689; x_wconf 79' lang='lat' dir='ltr'>populus,</span> <span class='ocrx_word' id='word_1_80' title='bbox 567 652 691 679; x_wconf 87' lang='lat' dir='ltr'>remota</span> <span class='ocrx_word' id='word_1_81' title='bbox 723 647 807 678; x_wconf 90' lang='lat' dir='ltr'>omni</span> <span class='ocrx_word' id='word_1_82' title='bbox 833 646 990 677; x_wconf 85' lang='lat' dir='ltr'>saeculari</span> <span class='ocrx_word' id='word_1_83' title='bbox 1017 646 1205 681; x_wconf 73' lang='lat' dir='ltr'>ambitione,</span> <span class='ocrx_word' id='word_1_84' title='bbox 1236 646 1350 676; x_wconf 84' lang='lat' dir='ltr'>timore</span> <span class='ocrx_word' id='word_1_85' title='bbox 1376 650 1473 687; x_wconf 84' lang='lat' dir='ltr'>atque</span> <span class='ocrx_word' id='word_1_86' title='bbox 1498 648 1613 687; x_wconf 81' lang='lat' dir='ltr'>gratia,</span> <span class='ocrx_word' id='word_1_87' title='bbox 1644 647 1842 688; x_wconf 81' lang='lat' dir='ltr'>apostolicae</span> 
     </span>
     <span class='ocr_line' id='line_1_11' title="bbox 194 697 1842 741; baseline -0.002 -12"><span class='ocrx_word' id='word_1_88' title='bbox 194 699 280 729; x_wconf 87' lang='lat' dir='ltr'>sedis</span> <span class='ocrx_word' id='word_1_89' title='bbox 305 699 355 729; x_wconf 91' lang='lat' dir='ltr'>vel</span> <span class='ocrx_word' id='word_1_90' title='bbox 387 700 627 741; x_wconf 88' lang='lat' dir='ltr'>metropolitani</span> <span class='ocrx_word' id='word_1_91' title='bbox 661 700 709 730; x_wconf 91' lang='lat' dir='ltr'>sui</span> <span class='ocrx_word' id='word_1_92' title='bbox 744 709 903 729; x_wconf 85' lang='lat' dir='ltr'>consensu</span> <span class='ocrx_word' id='word_1_93' title='bbox 937 701 1098 739; x_wconf 75' lang='lat' dir='ltr'>pastorem</span> <span class='ocrx_word' id='word_1_94' title='bbox 1133 697 1192 727; x_wconf 85' lang='lat' dir='ltr'>sibi</span> <span class='ocrx_word' id='word_1_95' title='bbox 1223 697 1400 728; x_wconf 84' lang='lat' dir='ltr'>secundum</span> <span class='ocrx_word' id='word_1_96' title='bbox 1426 698 1530 729; x_wconf 87' lang='lat' dir='ltr'>Deum</span> <span class='ocrx_word' id='word_1_97' title='bbox 1565 700 1672 740; x_wconf 83' lang='lat' dir='ltr'>eligat.</span> <span class='ocrx_word' id='word_1_98' title='bbox 1719 697 1842 733; x_wconf 80' lang='lat' dir='ltr'>Quodsi</span> 
     </span>
     <span class='ocr_line' id='line_1_12' title="bbox 195 749 1842 792; baseline -0.002 -11"><span class='ocrx_word' id='word_1_99' title='bbox 195 754 363 792; x_wconf 87' lang='lat' dir='ltr'>corruptus</span> <span class='ocrx_word' id='word_1_100' title='bbox 396 751 503 792; x_wconf 86' lang='lat' dir='ltr'>aliquo</span> <span class='ocrx_word' id='word_1_101' title='bbox 534 751 609 781; x_wconf 86' lang='lat' dir='ltr'>vitio</span> <span class='ocrx_word' id='word_1_102' title='bbox 643 751 737 782; x_wconf 89' lang='lat' dir='ltr'>aliter</span> <span class='ocrx_word' id='word_1_103' title='bbox 774 761 871 791; x_wconf 85' lang='lat' dir='ltr'>agere</span> <span class='ocrx_word' id='word_1_104' title='bbox 904 749 1170 791; x_wconf 88' lang='lat' dir='ltr'>praesumpserit.</span> <span class='ocrx_word' id='word_1_105' title='bbox 1209 749 1375 780; x_wconf 76' lang='lat' dir='ltr'>electionis</span> <span class='ocrx_word' id='word_1_106' title='bbox 1413 760 1581 791; x_wconf 75' lang='lat' dir='ltr'>perperam</span> <span class='ocrx_word' id='word_1_107' title='bbox 1618 750 1723 780; x_wconf 84' lang='lat' dir='ltr'>factae</span> <span class='ocrx_word' id='word_1_108' title='bbox 1759 749 1842 779; x_wconf 85' lang='lat' dir='ltr'>omni</span> 
     </span>
     <span class='ocr_line' id='line_1_13' title="bbox 193 801 1843 842; baseline -0.002 -10"><span class='ocrx_word' id='word_1_109' title='bbox 193 802 298 833; x_wconf 82' lang='lat' dir='ltr'>fructu</span> <span class='ocrx_word' id='word_1_110' title='bbox 331 802 468 837; x_wconf 82' lang='lat' dir='ltr'>earebit;</span> <span class='ocrx_word' id='word_1_111' title='bbox 505 806 537 833; x_wconf 89' lang='lat' dir='ltr'>et</span> <span class='ocrx_word' id='word_1_112' title='bbox 568 802 608 833; x_wconf 87' lang='lat' dir='ltr'>de</span> <span class='ocrx_word' id='word_1_113' title='bbox 638 806 767 833; x_wconf 87' lang='lat' dir='ltr'>caetero</span> <span class='ocrx_word' id='word_1_114' title='bbox 798 802 917 832; x_wconf 89' lang='lat' dir='ltr'>nullam</span> <span class='ocrx_word' id='word_1_115' title='bbox 952 801 1122 832; x_wconf 77' lang='lat' dir='ltr'>electionis</span> <span class='ocrx_word' id='word_1_116' title='bbox 1155 804 1351 842; x_wconf 85' lang='lat' dir='ltr'>potestatem</span> <span class='ocrx_word' id='word_1_117' title='bbox 1387 801 1535 833; x_wconf 85' lang='lat' dir='ltr'>babebit:</span> <span class='ocrx_word' id='word_1_118' title='bbox 1572 802 1741 833; x_wconf 71' lang='lat' dir='ltr'>electionis</span> <span class='ocrx_word' id='word_1_119' title='bbox 1769 811 1843 831; x_wconf 77' lang='lat' dir='ltr'>vcro</span> 
     </span>
     <span class='ocr_line' id='line_1_14' title="bbox 194 852 1843 896; baseline -0.002 -12"><span class='ocrx_word' id='word_1_120' title='bbox 194 858 339 896; x_wconf 82' lang='lat' dir='ltr'>potestas</span> <span class='ocrx_word' id='word_1_121' title='bbox 364 854 466 884; x_wconf 89' lang='lat' dir='ltr'>omnis</span> <span class='ocrx_word' id='word_1_122' title='bbox 496 854 527 884; x_wconf 89' lang='lat' dir='ltr'>in</span> <span class='ocrx_word' id='word_1_123' title='bbox 552 854 785 885; x_wconf 78' lang='lat' dir='ltr'>deliberatione</span> <span class='ocrx_word' id='word_1_124' title='bbox 811 853 897 884; x_wconf 89' lang='lat' dir='ltr'>sedis</span> <span class='ocrx_word' id='word_1_125' title='bbox 923 853 1122 895; x_wconf 86' lang='lat' dir='ltr'>apostolicae</span> <span class='ocrx_word' id='word_1_126' title='bbox 1148 853 1215 883; x_wconf 86' lang='lat' dir='ltr'>sive</span> <span class='ocrx_word' id='word_1_127' title='bbox 1245 854 1488 894; x_wconf 88' lang='lat' dir='ltr'>metropolitani</span> <span class='ocrx_word' id='word_1_128' title='bbox 1522 854 1569 883; x_wconf 85' lang='lat' dir='ltr'>sui</span> <span class='ocrx_word' id='word_1_129' title='bbox 1596 854 1760 883; x_wconf 77' lang='lat' dir='ltr'>consistat.</span> <span class='ocrx_word' id='word_1_130' title='bbox 1810 852 1843 881; x_wconf 63' lang='lat' dir='ltr'>Si</span> 
     </span>
     <span class='ocr_line' id='line_1_15' title="bbox 195 904 1843 946; baseline -0.002 -10"><span class='ocrx_word' id='word_1_131' title='bbox 195 906 280 936; x_wconf 88' lang='lat' dir='ltr'>enim</span> <span class='ocrx_word' id='word_1_132' title='bbox 298 905 334 943; x_wconf 79' lang='lat' dir='ltr'>is,</span> <span class='ocrx_word' id='word_1_133' title='bbox 359 905 399 936; x_wconf 87' lang='lat' dir='ltr'>ad</span> <span class='ocrx_word' id='word_1_134' title='bbox 418 916 511 946; x_wconf 90' lang='lat' dir='ltr'>quem</span> <span class='ocrx_word' id='word_1_135' title='bbox 530 906 733 937; x_wconf 84' lang='lat' dir='ltr'>consecratio</span> <span class='ocrx_word' id='word_1_136' title='bbox 751 906 903 946; x_wconf 80' lang='lat' dir='ltr'>pertinet,</span> <span class='ocrx_word' id='word_1_137' title='bbox 930 915 992 935; x_wconf 90' lang='lat' dir='ltr'>non</span> <span class='ocrx_word' id='word_1_138' title='bbox 1011 905 1070 935; x_wconf 90' lang='lat' dir='ltr'>rite</span> <span class='ocrx_word' id='word_1_139' title='bbox 1089 904 1318 941; x_wconf 84' lang='lat' dir='ltr'>consecrando,</span> <span class='ocrx_word' id='word_1_140' title='bbox 1344 909 1427 935; x_wconf 82' lang='lat' dir='ltr'>teste</span> <span class='ocrx_word' id='word_1_141' title='bbox 1445 905 1540 936; x_wconf 87' lang='lat' dir='ltr'>beato</span> <span class='ocrx_word' id='word_1_142' title='bbox 1560 905 1680 940; x_wconf 79' lang='lat' dir='ltr'>Leone.</span> <span class='ocrx_word' id='word_1_143' title='bbox 1707 905 1843 946; x_wconf 83' lang='lat' dir='ltr'>gratiam</span> 
     </span>
     <span class='ocr_line' id='line_1_16' title="bbox 196 956 1844 999; baseline -0.001 -11"><span class='ocrx_word' id='word_1_144' title='bbox 196 958 430 989; x_wconf 83' lang='lat' dir='ltr'>benedictionis</span> <span class='ocrx_word' id='word_1_145' title='bbox 454 958 581 991; x_wconf 78' lang='lat' dir='ltr'>amittit,</span> <span class='ocrx_word' id='word_1_146' title='bbox 609 961 847 999; x_wconf 80' lang='lat' dir='ltr'>consequenter</span> <span class='ocrx_word' id='word_1_147' title='bbox 871 958 907 991; x_wconf 86' lang='lat' dir='ltr'>is,</span> <span class='ocrx_word' id='word_1_148' title='bbox 934 957 986 998; x_wconf 86' lang='lat' dir='ltr'>qui</span> <span class='ocrx_word' id='word_1_149' title='bbox 1012 957 1050 988; x_wconf 86' lang='lat' dir='ltr'>ad</span> <span class='ocrx_word' id='word_1_150' title='bbox 1076 967 1208 998; x_wconf 85' lang='lat' dir='ltr'>pravam</span> <span class='ocrx_word' id='word_1_151' title='bbox 1235 957 1428 988; x_wconf 76' lang='lat' dir='ltr'>electionem</span> <span class='ocrx_word' id='word_1_152' title='bbox 1453 957 1677 992; x_wconf 79' lang='lat' dir='ltr'>declinaverit,</span> <span class='ocrx_word' id='word_1_153' title='bbox 1704 956 1844 997; x_wconf 84' lang='lat' dir='ltr'>eligendi</span> 
     </span>
    </p>
   </div>
   <div class='ocr_carea' id='block_1_5' title="bbox 162 1009 535 1052">
    <p class='ocr_par' dir='ltr' id='par_1_6' title="bbox 162 1009 535 1052">
     <span class='ocr_line' id='line_1_17' title="bbox 162 1009 535 1052; baseline 0.008 -14"><span class='ocrx_word' id='word_1_154' title='bbox 162 1028 167 1038; x_wconf 76' lang='grc'>,</span> <span class='ocrx_word' id='word_1_155' title='bbox 199 1013 358 1052; x_wconf 80' lang='lat' dir='ltr'>potestate</span> <span class='ocrx_word' id='word_1_156' title='bbox 382 1009 535 1051; x_wconf 84' lang='lat' dir='ltr'>privatur.</span> 
     </span>
    </p>
   </div>
   <div class='ocr_carea' id='block_1_6' title="bbox 195 1060 1849 1517">
    <p class='ocr_par' dir='ltr' id='par_1_7' title="bbox 297 1060 1205 1102">
     <span class='ocr_line' id='line_1_18' title="bbox 297 1060 1205 1102; baseline -0.002 -10"><span class='ocrx_word' id='word_1_157' title='bbox 297 1063 326 1092; x_wconf 87' lang='lat'>7.</span> <span class='ocrx_word' id='word_1_158' title='bbox 356 1061 449 1092; x_wconf 88' lang='lat' dir='ltr'>Item</span> <span class='ocrx_word' id='word_1_159' title='bbox 481 1061 840 1092; x_wconf 78' lang='lat' dir='ltr'>excommunicatio</span> <span class='ocrx_word' id='word_1_160' title='bbox 874 1061 979 1102; x_wconf 83' lang='lat' dir='ltr'>regis</span> <span class='ocrx_word' id='word_1_161' title='bbox 1011 1060 1205 1091; x_wconf 88' lang='lat' dir='ltr'>Heinrici.</span> 
     </span>
    </p>

    <p class='ocr_par' dir='ltr' id='par_1_8' title="bbox 195 1112 1849 1517">
     <span class='ocr_line' id='line_1_19' title="bbox 296 1112 1846 1155; baseline -0.002 -11"><span class='ocrx_word' id='word_1_162' title='bbox 296 1113 413 1145; x_wconf 87' lang='lat' dir='ltr'>Beate¹</span> <span class='ocrx_word' id='word_1_163' title='bbox 439 1113 536 1144; x_wconf 83' lang='lat' dir='ltr'>Petrc</span> <span class='ocrx_word' id='word_1_164' title='bbox 562 1113 711 1155; x_wconf 86' lang='lat' dir='ltr'>princeps</span> <span class='ocrx_word' id='word_1_165' title='bbox 737 1114 957 1154; x_wconf 87' lang='lat' dir='ltr'>apostolorum</span> <span class='ocrx_word' id='word_1_166' title='bbox 984 1116 1016 1143; x_wconf 89' lang='lat' dir='ltr'>et</span> <span class='ocrx_word' id='word_1_167' title='bbox 1041 1116 1074 1143; x_wconf 85' lang='lat' dir='ltr'>tn</span> <span class='ocrx_word' id='word_1_168' title='bbox 1100 1112 1195 1143; x_wconf 84' lang='lat' dir='ltr'>beate</span> <span class='ocrx_word' id='word_1_169' title='bbox 1222 1112 1323 1143; x_wconf 88' lang='lat' dir='ltr'>Paule</span> <span class='ocrx_word' id='word_1_170' title='bbox 1349 1112 1462 1143; x_wconf 86' lang='lat' dir='ltr'>doctor</span> <span class='ocrx_word' id='word_1_171' title='bbox 1485 1113 1642 1154; x_wconf 86' lang='lat' dir='ltr'>gentium,</span> <span class='ocrx_word' id='word_1_172' title='bbox 1669 1112 1846 1152; x_wconf 76' lang='lat' dir='ltr'>dignamini</span> 
     </span>
     <span class='ocr_line' id='line_1_20' title="bbox 195 1164 1847 1207; baseline -0.002 -11"><span class='ocrx_word' id='word_1_173' title='bbox 195 1176 296 1207; x_wconf 87' lang='lat' dir='ltr'>queso</span> <span class='ocrx_word' id='word_1_174' title='bbox 321 1176 416 1196; x_wconf 88' lang='lat' dir='ltr'>aures</span> <span class='ocrx_word' id='word_1_175' title='bbox 441 1169 565 1196; x_wconf 86' lang='lat' dir='ltr'>vestras</span> <span class='ocrx_word' id='word_1_176' title='bbox 597 1165 636 1195; x_wconf 86' lang='lat' dir='ltr'>ad</span> <span class='ocrx_word' id='word_1_177' title='bbox 670 1175 720 1196; x_wconf 90' lang='lat' dir='ltr'>me</span> <span class='ocrx_word' id='word_1_178' title='bbox 745 1166 899 1196; x_wconf 88' lang='lat' dir='ltr'>inclinare</span> <span class='ocrx_word' id='word_1_179' title='bbox 931 1175 1045 1206; x_wconf 90' lang='lat' dir='ltr'>meque</span> <span class='ocrx_word' id='word_1_180' title='bbox 1070 1165 1250 1195; x_wconf 87' lang='lat' dir='ltr'>clementer</span> <span class='ocrx_word' id='word_1_181' title='bbox 1274 1164 1441 1196; x_wconf 84' lang='lat' dir='ltr'>exaudire.</span> <span class='ocrx_word' id='word_1_182' title='bbox 1489 1164 1572 1200; x_wconf 77' lang='lat' dir='ltr'>Quia</span> <span class='ocrx_word' id='word_1_183' title='bbox 1597 1164 1743 1195; x_wconf 82' lang='lat' dir='ltr'>veritatis</span> <span class='ocrx_word' id='word_1_184' title='bbox 1769 1164 1847 1193; x_wconf 76' lang='lat' dir='ltr'>estis</span> 
     </span>
     <span class='ocr_line' id='line_1_21' title="bbox 197 1216 1848 1259; baseline -0.002 -12"><span class='ocrx_word' id='word_1_185' title='bbox 197 1217 373 1259; x_wconf 82' lang='lat' dir='ltr'>discipulim</span> <span class='ocrx_word' id='word_1_186' title='bbox 398 1220 429 1248; x_wconf 86' lang='lat' dir='ltr'>et</span> <span class='ocrx_word' id='word_1_187' title='bbox 455 1220 628 1251; x_wconf 79' lang='lat' dir='ltr'>amatores,</span> <span class='ocrx_word' id='word_1_188' title='bbox 653 1216 814 1251; x_wconf 82' lang='lat' dir='ltr'>adiuvate,</span> <span class='ocrx_word' id='word_1_189' title='bbox 841 1220 876 1248; x_wconf 89' lang='lat' dir='ltr'>ut</span> <span class='ocrx_word' id='word_1_190' title='bbox 893 1217 1062 1247; x_wconf 82' lang='lat' dir='ltr'>veritatem</span> <span class='ocrx_word' id='word_1_191' title='bbox 1082 1217 1174 1247; x_wconf 84' lang='lat' dir='ltr'>vobis</span> <span class='ocrx_word' id='word_1_192' title='bbox 1201 1216 1317 1251; x_wconf 77' lang='lat' dir='ltr'>dicam,</span> <span class='ocrx_word' id='word_1_193' title='bbox 1344 1217 1429 1247; x_wconf 89' lang='lat' dir='ltr'>omni</span> <span class='ocrx_word' id='word_1_194' title='bbox 1454 1220 1576 1247; x_wconf 73' lang='lat' dir='ltr'>remota.</span> <span class='ocrx_word' id='word_1_195' title='bbox 1594 1216 1735 1246; x_wconf 83' lang='lat' dir='ltr'>falsitate</span> <span class='ocrx_word' id='word_1_196' title='bbox 1753 1226 1848 1256; x_wconf 82' lang='lat' dir='ltr'>quam</span> 
     </span>
     <span class='ocr_line' id='line_1_22' title="bbox 198 1267 1848 1309; baseline -0.002 -10"><span class='ocrx_word' id='word_1_197' title='bbox 198 1269 326 1300; x_wconf 84' lang='lat' dir='ltr'>omnino</span> <span class='ocrx_word' id='word_1_198' title='bbox 351 1269 572 1305; x_wconf 87' lang='lat' dir='ltr'>detestamini,</span> <span class='ocrx_word' id='word_1_199' title='bbox 602 1272 636 1298; x_wconf 88' lang='lat' dir='ltr'>ut</span> <span class='ocrx_word' id='word_1_200' title='bbox 667 1268 783 1300; x_wconf 86' lang='lat' dir='ltr'>fratres</span> <span class='ocrx_word' id='word_1_201' title='bbox 810 1269 872 1300; x_wconf 91' lang='lat' dir='ltr'>mei</span> <span class='ocrx_word' id='word_1_202' title='bbox 898 1269 1012 1299; x_wconf 84' lang='lat' dir='ltr'>melius</span> <span class='ocrx_word' id='word_1_203' title='bbox 1037 1268 1132 1299; x_wconf 86' lang='lat' dir='ltr'>michi</span> <span class='ocrx_word' id='word_1_204' title='bbox 1157 1268 1369 1309; x_wconf 79' lang='lat' dir='ltr'>adquiescant</span> <span class='ocrx_word' id='word_1_205' title='bbox 1400 1272 1431 1298; x_wconf 89' lang='lat' dir='ltr'>et</span> <span class='ocrx_word' id='word_1_206' title='bbox 1463 1269 1567 1299; x_wconf 84' lang='lat' dir='ltr'>sciant</span> <span class='ocrx_word' id='word_1_207' title='bbox 1598 1272 1630 1299; x_wconf 87' lang='lat' dir='ltr'>et</span> <span class='ocrx_word' id='word_1_208' title='bbox 1655 1267 1848 1307; x_wconf 70' lang='lat' dir='ltr'>intelligant,</span> 
     </span>
     <span class='ocr_line' id='line_1_23' title="bbox 196 1319 1849 1362; baseline -0.001 -11"><span class='ocrx_word' id='word_1_209' title='bbox 196 1321 270 1362; x_wconf 82' lang='lat' dir='ltr'>quia</span> <span class='ocrx_word' id='word_1_210' title='bbox 295 1325 357 1351; x_wconf 71' lang='lat' dir='ltr'>exn</span> <span class='ocrx_word' id='word_1_211' title='bbox 382 1324 489 1351; x_wconf 86' lang='lat' dir='ltr'>vestra</span> <span class='ocrx_word' id='word_1_212' title='bbox 513 1320 629 1351; x_wconf 86' lang='lat' dir='ltr'>fiducia</span> <span class='ocrx_word' id='word_1_213' title='bbox 654 1324 726 1361; x_wconf 87' lang='lat' dir='ltr'>post</span> <span class='ocrx_word' id='word_1_214' title='bbox 750 1320 856 1351; x_wconf 89' lang='lat' dir='ltr'>Deum</span> <span class='ocrx_word' id='word_1_215' title='bbox 881 1324 913 1350; x_wconf 90' lang='lat' dir='ltr'>et</span> <span class='ocrx_word' id='word_1_216' title='bbox 938 1324 1071 1350; x_wconf 87' lang='lat' dir='ltr'>matrem</span> <span class='ocrx_word' id='word_1_217' title='bbox 1096 1320 1166 1351; x_wconf 85' lang='lat' dir='ltr'>cius</span> <span class='ocrx_word' id='word_1_218' title='bbox 1193 1331 1321 1362; x_wconf 87' lang='lat' dir='ltr'>semper</span> <span class='ocrx_word' id='word_1_219' title='bbox 1348 1320 1503 1361; x_wconf 75' lang='lat' dir='ltr'>virginem</span> <span class='ocrx_word' id='word_1_220' title='bbox 1522 1320 1657 1350; x_wconf 85' lang='lat' dir='ltr'>Mariam</span> <span class='ocrx_word' id='word_1_221' title='bbox 1684 1319 1792 1360; x_wconf 87' lang='lat' dir='ltr'>pravis</span> <span class='ocrx_word' id='word_1_222' title='bbox 1818 1323 1849 1348; x_wconf 85' lang='lat' dir='ltr'>et</span> 
     </span>
     <span class='ocr_line' id='line_1_24' title="bbox 202 1371 1849 1414; baseline -0.001 -12"><span class='ocrx_word' id='word_1_223' title='bbox 202 1373 318 1414; x_wconf 87' lang='lat' dir='ltr'>iniquis</span> <span class='ocrx_word' id='word_1_224' title='bbox 348 1372 476 1407; x_wconf 89' lang='lat' dir='ltr'>resisto,</span> <span class='ocrx_word' id='word_1_225' title='bbox 507 1372 624 1402; x_wconf 87' lang='lat' dir='ltr'>vestris</span> <span class='ocrx_word' id='word_1_226' title='bbox 655 1375 763 1402; x_wconf 83' lang='lat' dir='ltr'>autem</span> <span class='ocrx_word' id='word_1_227' title='bbox 793 1371 941 1403; x_wconf 83' lang='lat' dir='ltr'>fidelibus</span> <span class='ocrx_word' id='word_1_228' title='bbox 971 1372 1128 1402; x_wconf 85' lang='lat' dir='ltr'>auxilium</span> <span class='ocrx_word' id='word_1_229' title='bbox 1160 1375 1300 1413; x_wconf 82' lang='lat' dir='ltr'>praesto.</span> <span class='ocrx_word' id='word_1_230' title='bbox 1348 1371 1414 1401; x_wconf 84' lang='lat' dir='ltr'>Vos</span> <span class='ocrx_word' id='word_1_231' title='bbox 1446 1372 1529 1402; x_wconf 91' lang='lat' dir='ltr'>enim</span> <span class='ocrx_word' id='word_1_232' title='bbox 1562 1372 1660 1405; x_wconf 80' lang='lat' dir='ltr'>scitis,</span> <span class='ocrx_word' id='word_1_233' title='bbox 1689 1371 1849 1412; x_wconf 82' lang='lat' dir='ltr'>quianon</span> 
     </span>
     <span class='ocr_line' id='line_1_25' title="bbox 200 1422 1849 1464; baseline -0.001 -10"><span class='ocrx_word' id='word_1_234' title='bbox 200 1424 338 1454; x_wconf 89' lang='lat' dir='ltr'>libenter</span> <span class='ocrx_word' id='word_1_235' title='bbox 362 1424 402 1454; x_wconf 89' lang='lat' dir='ltr'>ad</span> <span class='ocrx_word' id='word_1_236' title='bbox 427 1434 553 1454; x_wconf 86' lang='lat' dir='ltr'>sacrum</span> <span class='ocrx_word' id='word_1_237' title='bbox 579 1423 724 1454; x_wconf 89' lang='lat' dir='ltr'>ordinem</span> <span class='ocrx_word' id='word_1_238' title='bbox 750 1424 893 1455; x_wconf 86' lang='lat' dir='ltr'>accessi:</span> <span class='ocrx_word' id='word_1_239' title='bbox 927 1428 959 1455; x_wconf 91' lang='lat' dir='ltr'>et</span> <span class='ocrx_word' id='word_1_240' title='bbox 984 1424 1103 1454; x_wconf 86' lang='lat' dir='ltr'>invitus</span> <span class='ocrx_word' id='word_1_241' title='bbox 1130 1424 1213 1454; x_wconf 89' lang='lat' dir='ltr'>ultra</span> <span class='ocrx_word' id='word_1_242' title='bbox 1238 1427 1364 1454; x_wconf 81' lang='lat' dir='ltr'>montes</span> <span class='ocrx_word' id='word_1_243' title='bbox 1391 1434 1461 1454; x_wconf 88' lang='lat' dir='ltr'>eum</span> <span class='ocrx_word' id='word_1_244' title='bbox 1487 1423 1636 1454; x_wconf 83' lang='lat' dir='ltr'>domino0</span> <span class='ocrx_word' id='word_1_245' title='bbox 1660 1433 1743 1464; x_wconf 83' lang='lat' dir='ltr'>papa</span> <span class='ocrx_word' id='word_1_246' title='bbox 1768 1422 1849 1452; x_wconf 81' lang='lat' dir='ltr'>Gre-</span> 
     </span>
     <span class='ocr_line' id='line_1_26' title="bbox 198 1474 1849 1517; baseline -0.002 -11"><span class='ocrx_word' id='word_1_247' title='bbox 198 1476 289 1517; x_wconf 83' lang='lat' dir='ltr'>gorio</span> <span class='ocrx_word' id='word_1_248' title='bbox 313 1475 387 1511; x_wconf 89' lang='lat' dir='ltr'>abii,</span> <span class='ocrx_word' id='word_1_249' title='bbox 413 1475 470 1506; x_wconf 86' lang='lat' dir='ltr'>sed</span> <span class='ocrx_word' id='word_1_250' title='bbox 496 1476 598 1516; x_wconf 86' lang='lat' dir='ltr'>magis</span> <span class='ocrx_word' id='word_1_251' title='bbox 625 1476 742 1506; x_wconf 88' lang='lat' dir='ltr'>invitus</span> <span class='ocrx_word' id='word_1_252' title='bbox 768 1486 839 1506; x_wconf 85' lang='lat' dir='ltr'>cum</span> <span class='ocrx_word' id='word_1_253' title='bbox 858 1475 987 1506; x_wconf 88' lang='lat' dir='ltr'>domino</span> <span class='ocrx_word' id='word_1_254' title='bbox 1012 1486 1083 1506; x_wconf 90' lang='lat' dir='ltr'>meo</span> <span class='ocrx_word' id='word_1_255' title='bbox 1103 1486 1188 1517; x_wconf 87' lang='lat' dir='ltr'>papa</span> <span class='ocrx_word' id='word_1_256' title='bbox 1205 1475 1316 1506; x_wconf 80' lang='lat' dir='ltr'>Leone</span> <span class='ocrx_word' id='word_1_257' title='bbox 1335 1475 1373 1506; x_wconf 81' lang='lat' dir='ltr'>ad</span> <span class='ocrx_word' id='word_1_258' title='bbox 1392 1479 1530 1506; x_wconf 83' lang='lat' dir='ltr'>vestram</span> <span class='ocrx_word' id='word_1_259' title='bbox 1549 1475 1725 1516; x_wconf 80' lang='lat' dir='ltr'>specialem</span> <span class='ocrx_word' id='word_1_260' title='bbox 1745 1474 1849 1505; x_wconf 80' lang='lat' dir='ltr'>eccle-</span> 
     </span>
    </p>
   </div>
   <div class='ocr_carea' id='block_1_7' title="bbox 147 1526 1852 1568">
    <p class='ocr_par' dir='ltr' id='par_1_9' title="bbox 147 1526 1852 1568">
     <span class='ocr_line' id='line_1_27' title="bbox 147 1526 1852 1568; baseline -0.002 -10"><span class='ocrx_word' id='word_1_261' title='bbox 147 1540 171 1558; x_wconf 76' lang='lat'>·2.·.</span> <span class='ocrx_word' id='word_1_262' title='bbox 201 1528 280 1558; x_wconf 80' lang='lat' dir='ltr'>siam</span> <span class='ocrx_word' id='word_1_263' title='bbox 306 1527 396 1564; x_wconf 88' lang='lat' dir='ltr'>redii,</span> <span class='ocrx_word' id='word_1_264' title='bbox 423 1528 452 1557; x_wconf 92' lang='lat' dir='ltr'>in</span> <span class='ocrx_word' id='word_1_265' title='bbox 478 1538 540 1568; x_wconf 89' lang='lat' dir='ltr'>qua</span> <span class='ocrx_word' id='word_1_266' title='bbox 564 1530 727 1568; x_wconf 87' lang='lat' dir='ltr'>utcunque</span> <span class='ocrx_word' id='word_1_267' title='bbox 753 1527 841 1557; x_wconf 84' lang='lat' dir='ltr'>vobis</span> <span class='ocrx_word' id='word_1_268' title='bbox 866 1527 1043 1559; x_wconf 79' lang='lat' dir='ltr'>deservivi:</span> <span class='ocrx_word' id='word_1_269' title='bbox 1069 1527 1184 1557; x_wconf 81' lang='lat' dir='ltr'>deinde</span> <span class='ocrx_word' id='word_1_270' title='bbox 1210 1527 1303 1558; x_wconf 84' lang='lat' dir='ltr'>valde</span> <span class='ocrx_word' id='word_1_271' title='bbox 1329 1528 1448 1558; x_wconf 90' lang='lat' dir='ltr'>invitus</span> <span class='ocrx_word' id='word_1_272' title='bbox 1475 1538 1546 1557; x_wconf 87' lang='lat' dir='ltr'>cum</span> <span class='ocrx_word' id='word_1_273' title='bbox 1573 1527 1672 1557; x_wconf 89' lang='lat' dir='ltr'>multo</span> <span class='ocrx_word' id='word_1_274' title='bbox 1692 1526 1801 1556; x_wconf 87' lang='lat' dir='ltr'>dolore</span> <span class='ocrx_word' id='word_1_275' title='bbox 1820 1530 1852 1555; x_wconf 80' lang='lat' dir='ltr'>et</span> 
     </span>
    </p>
   </div>
   <div class='ocr_carea' id='block_1_8' title="bbox 150 1799 174 1815">
    <p class='ocr_par' dir='ltr' id='par_1_10' title="bbox 150 1799 174 1815">
     <span class='ocr_line' id='line_1_28' title="bbox 150 1799 174 1815; baseline 0 0"><span class='ocrx_word' id='word_1_276' title='bbox 150 1799 174 1815; x_wconf 66' lang='lat' dir='ltr'>no</span> 
     </span>
    </p>
   </div>
   <div class='ocr_carea' id='block_1_9' title="bbox 157 2315 182 2332">
    <p class='ocr_par' dir='ltr' id='par_1_11' title="bbox 157 2315 182 2332">
     <span class='ocr_line' id='line_1_29' title="bbox 157 2315 182 2332; baseline 0 -1"><span class='ocrx_word' id='word_1_277' title='bbox 157 2315 182 2332; x_wconf 68' lang='lat'>40</span> 
     </span>
    </p>
   </div>
   <div class='ocr_carea' id='block_1_10' title="bbox 162 2843 186 2859">
    <p class='ocr_par' dir='ltr' id='par_1_12' title="bbox 162 2843 186 2859">
     <span class='ocr_line' id='line_1_30' title="bbox 162 2843 186 2859; baseline 0 0"><span class='ocrx_word' id='word_1_278' title='bbox 162 2843 186 2859; x_wconf 66' lang='grc'>50</span> 
     </span>
    </p>
   </div>
   <div class='ocr_carea' id='block_1_11' title="bbox 199 1578 1993 2034">
    <p class='ocr_par' dir='ltr' id='par_1_13' title="bbox 201 1578 1849 1620">
     <span class='ocr_line' id='line_1_31' title="bbox 201 1578 1849 1620; baseline -0.001 -11"><span class='ocrx_word' id='word_1_279' title='bbox 201 1580 321 1620; x_wconf 89' lang='lat' dir='ltr'>gemitu</span> <span class='ocrx_word' id='word_1_280' title='bbox 353 1590 390 1610; x_wconf 86' lang='lat' dir='ltr'>ac</span> <span class='ocrx_word' id='word_1_281' title='bbox 422 1579 553 1620; x_wconf 85' lang='lat' dir='ltr'>planctu</span> <span class='ocrx_word' id='word_1_282' title='bbox 586 1579 617 1609; x_wconf 90' lang='lat' dir='ltr'>in</span> <span class='ocrx_word' id='word_1_283' title='bbox 651 1579 764 1609; x_wconf 81' lang='lat' dir='ltr'>throno</span> <span class='ocrx_word' id='word_1_284' title='bbox 789 1582 897 1609; x_wconf 84' lang='lat' dir='ltr'>vestro</span> <span class='ocrx_word' id='word_1_285' title='bbox 923 1578 1017 1609; x_wconf 82' lang='lat' dir='ltr'>valde</span> <span class='ocrx_word' id='word_1_286' title='bbox 1045 1579 1196 1619; x_wconf 85' lang='lat' dir='ltr'>indignus</span> <span class='ocrx_word' id='word_1_287' title='bbox 1222 1589 1291 1609; x_wconf 79' lang='lat' dir='ltr'>sum</span> <span class='ocrx_word' id='word_1_288' title='bbox 1317 1579 1506 1609; x_wconf 80' lang='lat' dir='ltr'>collocatus.</span> <span class='ocrx_word' id='word_1_289' title='bbox 1554 1578 1646 1609; x_wconf 77' lang='lat' dir='ltr'>Heep</span> <span class='ocrx_word' id='word_1_290' title='bbox 1671 1578 1742 1608; x_wconf 88' lang='lat' dir='ltr'>ideo</span> <span class='ocrx_word' id='word_1_291' title='bbox 1767 1578 1849 1611; x_wconf 82' lang='lat' dir='ltr'>dico,</span> 
     </span>
    </p>

    <p class='ocr_par' dir='ltr' id='par_1_14' title="bbox 199 1630 1852 1672">
     <span class='ocr_line' id='line_1_32' title="bbox 199 1630 1852 1672; baseline -0.001 -11"><span class='ocrx_word' id='word_1_292' title='bbox 199 1631 273 1671; x_wconf 89' lang='lat' dir='ltr'>quia</span> <span class='ocrx_word' id='word_1_293' title='bbox 298 1641 359 1661; x_wconf 91' lang='lat' dir='ltr'>non</span> <span class='ocrx_word' id='word_1_294' title='bbox 386 1641 446 1671; x_wconf 87' lang='lat' dir='ltr'>ego</span> <span class='ocrx_word' id='word_1_295' title='bbox 472 1641 538 1665; x_wconf 81' lang='lat' dir='ltr'>VOS,</span> <span class='ocrx_word' id='word_1_296' title='bbox 564 1630 621 1661; x_wconf 87' lang='lat' dir='ltr'>sed</span> <span class='ocrx_word' id='word_1_297' title='bbox 639 1641 694 1661; x_wconf 85' lang='lat' dir='ltr'>vos</span> <span class='ocrx_word' id='word_1_298' title='bbox 720 1631 869 1672; x_wconf 87' lang='lat' dir='ltr'>elegistis</span> <span class='ocrx_word' id='word_1_299' title='bbox 895 1641 944 1661; x_wconf 89' lang='lat' dir='ltr'>me</span> <span class='ocrx_word' id='word_1_300' title='bbox 971 1634 1002 1661; x_wconf 90' lang='lat' dir='ltr'>et</span> <span class='ocrx_word' id='word_1_301' title='bbox 1019 1631 1246 1671; x_wconf 85' lang='lat' dir='ltr'>gravissimum</span> <span class='ocrx_word' id='word_1_302' title='bbox 1265 1630 1391 1672; x_wconf 84' lang='lat' dir='ltr'>pondus</span> <span class='ocrx_word' id='word_1_303' title='bbox 1410 1634 1537 1661; x_wconf 81' lang='lat' dir='ltr'>vestrae</span> <span class='ocrx_word' id='word_1_304' title='bbox 1557 1630 1716 1661; x_wconf 80' lang='lat' dir='ltr'>ecelesiae</span> <span class='ocrx_word' id='word_1_305' title='bbox 1734 1635 1852 1671; x_wconf 78' lang='lat' dir='ltr'>supraq</span> 
     </span>
    </p>

    <p class='ocr_par' dir='ltr' id='par_1_15' title="bbox 202 1682 1852 1724">
     <span class='ocr_line' id='line_1_33' title="bbox 202 1682 1852 1724; baseline -0.001 -11"><span class='ocrx_word' id='word_1_306' title='bbox 202 1694 251 1713; x_wconf 91' lang='lat' dir='ltr'>me</span> <span class='ocrx_word' id='word_1_307' title='bbox 283 1683 444 1724; x_wconf 88' lang='lat' dir='ltr'>posuistis.</span> <span class='ocrx_word' id='word_1_308' title='bbox 500 1682 540 1712; x_wconf 87' lang='lat' dir='ltr'>Et</span> <span class='ocrx_word' id='word_1_309' title='bbox 573 1683 646 1724; x_wconf 80' lang='lat' dir='ltr'>quia</span> <span class='ocrx_word' id='word_1_310' title='bbox 679 1693 777 1724; x_wconf 88' lang='lat' dir='ltr'>super</span> <span class='ocrx_word' id='word_1_311' title='bbox 809 1686 953 1713; x_wconf 87' lang='lat' dir='ltr'>montem</span> <span class='ocrx_word' id='word_1_312' title='bbox 987 1683 1154 1713; x_wconf 83' lang='lat' dir='ltr'>excelsum</span> <span class='ocrx_word' id='word_1_313' title='bbox 1188 1693 1237 1713; x_wconf 87' lang='lat' dir='ltr'>me.</span> <span class='ocrx_word' id='word_1_314' title='bbox 1273 1682 1410 1712; x_wconf 78' lang='lat' dir='ltr'>iussistis</span> <span class='ocrx_word' id='word_1_315' title='bbox 1444 1682 1621 1713; x_wconf 87' lang='lat' dir='ltr'>ascendere</span> <span class='ocrx_word' id='word_1_316' title='bbox 1657 1686 1688 1712; x_wconf 89' lang='lat' dir='ltr'>et</span> <span class='ocrx_word' id='word_1_317' title='bbox 1712 1682 1852 1712; x_wconf 70' lang='lat' dir='ltr'>clamare</span> 
     </span>
    </p>

    <p class='ocr_par' dir='ltr' id='par_1_16' title="bbox 202 1734 1993 1930">
     <span class='ocr_line' id='line_1_34' title="bbox 202 1734 1993 1776; baseline -0.002 -12"><span class='ocrx_word' id='word_1_318' title='bbox 202 1738 299 1775; x_wconf 87' lang='lat' dir='ltr'>atque</span> <span class='ocrx_word' id='word_1_319' title='bbox 323 1734 521 1765; x_wconf 85' lang='lat' dir='ltr'>annunciare</span> <span class='ocrx_word' id='word_1_320' title='bbox 546 1735 664 1776; x_wconf 90' lang='lat' dir='ltr'>populo</span> <span class='ocrx_word' id='word_1_321' title='bbox 690 1734 751 1765; x_wconf 88' lang='lat' dir='ltr'>Dei</span> <span class='ocrx_word' id='word_1_322' title='bbox 776 1735 902 1765; x_wconf 84' lang='lat' dir='ltr'>scelera</span> <span class='ocrx_word' id='word_1_323' title='bbox 926 1745 1036 1765; x_wconf 85' lang='lat' dir='ltr'>eorum</span> <span class='ocrx_word' id='word_1_324' title='bbox 1063 1738 1094 1765; x_wconf 84' lang='lat' dir='ltr'>et</span> <span class='ocrx_word' id='word_1_325' title='bbox 1118 1734 1190 1764; x_wconf 88' lang='lat' dir='ltr'>filiis</span> <span class='ocrx_word' id='word_1_326' title='bbox 1216 1734 1376 1765; x_wconf 81' lang='lat' dir='ltr'>ecclesiae</span> <span class='ocrx_word' id='word_1_327' title='bbox 1402 1738 1538 1775; x_wconf 78' lang='lat' dir='ltr'>peccata</span> <span class='ocrx_word' id='word_1_328' title='bbox 1562 1744 1683 1766; x_wconf 83' lang='lat' dir='ltr'>eorum,</span> <span class='ocrx_word' id='word_1_329' title='bbox 1710 1734 1852 1764; x_wconf 83' lang='lat' dir='ltr'>membra</span> <span class='ocrx_word' id='word_1_330' title='bbox 1880 1746 1912 1763; x_wconf 40' lang='grc' dir='ltr'>ιω</span> <span class='ocrx_word' id='word_1_331' title='bbox 1932 1747 1963 1762; x_wconf 50' lang='lat' dir='ltr'>fs.</span> <span class='ocrx_word' id='word_1_332' title='bbox 1978 1746 1993 1763; x_wconf 83' lang='lat'>1.</span> 
     </span>
     <span class='ocr_line' id='line_1_35' title="bbox 203 1785 1855 1828; baseline -0.001 -12"><span class='ocrx_word' id='word_1_333' title='bbox 203 1785 320 1817; x_wconf 85' lang='lat' dir='ltr'>diaboli</span> <span class='ocrx_word' id='word_1_334' title='bbox 351 1790 461 1817; x_wconf 86' lang='lat' dir='ltr'>contra</span> <span class='ocrx_word' id='word_1_335' title='bbox 490 1796 540 1817; x_wconf 87' lang='lat' dir='ltr'>me</span> <span class='ocrx_word' id='word_1_336' title='bbox 566 1790 745 1828; x_wconf 87' lang='lat' dir='ltr'>coeperunt</span> <span class='ocrx_word' id='word_1_337' title='bbox 775 1787 943 1827; x_wconf 81' lang='lat' dir='ltr'>insurgere</span> <span class='ocrx_word' id='word_1_338' title='bbox 969 1790 1001 1816; x_wconf 88' lang='lat' dir='ltr'>et</span> <span class='ocrx_word' id='word_1_339' title='bbox 1026 1796 1127 1827; x_wconf 87' lang='lat' dir='ltr'>usquc</span> <span class='ocrx_word' id='word_1_340' title='bbox 1153 1785 1192 1816; x_wconf 89' lang='lat' dir='ltr'>ad</span> <span class='ocrx_word' id='word_1_341' title='bbox 1218 1786 1409 1826; x_wconf 86' lang='lat' dir='ltr'>sanguinem</span> <span class='ocrx_word' id='word_1_342' title='bbox 1434 1789 1723 1827; x_wconf 86' lang='lat' dir='ltr'>praesumpserunt</span> <span class='ocrx_word' id='word_1_343' title='bbox 1748 1786 1777 1815; x_wconf 94' lang='lat' dir='ltr'>in</span> <span class='ocrx_word' id='word_1_344' title='bbox 1805 1796 1855 1815; x_wconf 76' lang='lat' dir='ltr'>me</span> 
     </span>
     <span class='ocr_line' id='line_1_36' title="bbox 203 1837 1852 1878; baseline -0.001 -10"><span class='ocrx_word' id='word_1_345' title='bbox 203 1848 316 1868; x_wconf 89' lang='lat' dir='ltr'>manus</span> <span class='ocrx_word' id='word_1_346' title='bbox 342 1843 434 1868; x_wconf 77' lang='lat' dir='ltr'>suasr</span> <span class='ocrx_word' id='word_1_347' title='bbox 458 1837 587 1868; x_wconf 84' lang='lat' dir='ltr'>inicere.</span> <span class='ocrx_word' id='word_1_348' title='bbox 635 1838 820 1868; x_wconf 87' lang='lat' dir='ltr'>Astiterunt</span> <span class='ocrx_word' id='word_1_349' title='bbox 845 1838 949 1868; x_wconf 60' lang='grc' dir='ltr'>οηίῑηΒ</span> <span class='ocrx_word' id='word_1_350' title='bbox 974 1848 1067 1878; x_wconf 84' lang='lat' dir='ltr'>reges</span> <span class='ocrx_word' id='word_1_351' title='bbox 1097 1842 1204 1868; x_wconf 83' lang='lat' dir='ltr'>terrae</span> <span class='ocrx_word' id='word_1_352' title='bbox 1230 1841 1261 1868; x_wconf 90' lang='lat' dir='ltr'>et</span> <span class='ocrx_word' id='word_1_353' title='bbox 1294 1838 1455 1878; x_wconf 89' lang='lat' dir='ltr'>principes</span> <span class='ocrx_word' id='word_1_354' title='bbox 1481 1837 1665 1868; x_wconf 79' lang='lat' dir='ltr'>saeculares</span> <span class='ocrx_word' id='word_1_355' title='bbox 1691 1841 1722 1867; x_wconf 87' lang='lat' dir='ltr'>ct</span> <span class='ocrx_word' id='word_1_356' title='bbox 1748 1837 1852 1867; x_wconf 81' lang='lat' dir='ltr'>eccle-</span> 
     </span>
     <span class='ocr_line' id='line_1_37' title="bbox 203 1888 1853 1930; baseline -0.001 -10"><span class='ocrx_word' id='word_1_357' title='bbox 203 1890 334 1925; x_wconf 83' lang='lat' dir='ltr'>siastici,</span> <span class='ocrx_word' id='word_1_358' title='bbox 363 1889 458 1920; x_wconf 81' lang='lat' dir='ltr'>aulici</span> <span class='ocrx_word' id='word_1_359' title='bbox 484 1891 580 1920; x_wconf 84' lang='lat' dir='ltr'>etiam</span> <span class='ocrx_word' id='word_1_360' title='bbox 606 1893 638 1920; x_wconf 88' lang='lat' dir='ltr'>et</span> <span class='ocrx_word' id='word_1_361' title='bbox 663 1890 813 1930; x_wconf 83' lang='lat' dir='ltr'>vulgares</span> <span class='ocrx_word' id='word_1_362' title='bbox 839 1893 1061 1920; x_wconf 86' lang='lat' dir='ltr'>convenerunt</span> <span class='ocrx_word' id='word_1_363' title='bbox 1087 1890 1117 1919; x_wconf 91' lang='lat' dir='ltr'>in</span> <span class='ocrx_word' id='word_1_364' title='bbox 1144 1899 1240 1919; x_wconf 90' lang='lat' dir='ltr'>unum</span> <span class='ocrx_word' id='word_1_365' title='bbox 1267 1888 1424 1919; x_wconf 86' lang='lat' dir='ltr'>adversus</span> <span class='ocrx_word' id='word_1_366' title='bbox 1450 1889 1613 1919; x_wconf 88' lang='lat' dir='ltr'>dominum</span> <span class='ocrx_word' id='word_1_367' title='bbox 1639 1893 1672 1919; x_wconf 87' lang='lat' dir='ltr'>et</span> <span class='ocrx_word' id='word_1_368' title='bbox 1697 1888 1853 1919; x_wconf 65' lang='lat' dir='ltr'>adversus</span> 
     </span>
    </p>

    <p class='ocr_par' dir='ltr' id='par_1_17' title="bbox 204 1941 1968 2034">
     <span class='ocr_line' id='line_1_38' title="bbox 204 1941 1968 1983; baseline -0.002 -12"><span class='ocrx_word' id='word_1_369' title='bbox 204 1952 259 1971; x_wconf 85' lang='lat' dir='ltr'>vos</span> <span class='ocrx_word' id='word_1_370' title='bbox 284 1941 420 1971; x_wconf 81' lang='lat' dir='ltr'>christos</span> <span class='ocrx_word' id='word_1_371' title='bbox 447 1941 526 1974; x_wconf 81' lang='lat' dir='ltr'>eius,</span> <span class='ocrx_word' id='word_1_372' title='bbox 558 1941 719 1972; x_wconf 81' lang='lat' dir='ltr'>dicentes:</span> <span class='ocrx_word' id='word_1_373' title='bbox 752 1941 983 1982; x_wconf 77' lang='lat' dir='ltr'>‘dirumpamus</span> <span class='ocrx_word' id='word_1_374' title='bbox 1009 1941 1138 1971; x_wconf 77' lang='lat' dir='ltr'>vincula.</span> <span class='ocrx_word' id='word_1_375' title='bbox 1163 1952 1273 1971; x_wconf 89' lang='lat' dir='ltr'>eorum</span> <span class='ocrx_word' id='word_1_376' title='bbox 1299 1945 1331 1971; x_wconf 92' lang='lat' dir='ltr'>et</span> <span class='ocrx_word' id='word_1_377' title='bbox 1362 1941 1557 1983; x_wconf 82' lang='lat' dir='ltr'>proiciamus</span> <span class='ocrx_word' id='word_1_378' title='bbox 1583 1952 1601 1971; x_wconf 79' lang='lat' dir='ltr'>a</span> <span class='ocrx_word' id='word_1_379' title='bbox 1627 1941 1719 1971; x_wconf 85' lang='lat' dir='ltr'>nobis</span> <span class='ocrx_word' id='word_1_380' title='bbox 1745 1941 1853 1981; x_wconf 87' lang='lat' dir='ltr'>iugum</span> <span class='ocrx_word' id='word_1_381' title='bbox 1881 1950 1913 1968; x_wconf 47' lang='lat'>12.</span> <span class='ocrx_word' id='word_1_382' title='bbox 1929 1952 1968 1968; x_wconf 72' lang='grc' dir='ltr'>·.’.;ι</span> 
     </span>
     <span class='ocr_line' id='line_1_39' title="bbox 204 1992 1856 2034; baseline -0.001 -11"><span class='ocrx_word' id='word_1_383' title='bbox 204 1992 368 2034; x_wconf 73' lang='lat' dir='ltr'>ipsorum&#39;:</span> <span class='ocrx_word' id='word_1_384' title='bbox 398 1997 430 2023; x_wconf 87' lang='lat' dir='ltr'>et</span> <span class='ocrx_word' id='word_1_385' title='bbox 460 1996 495 2023; x_wconf 89' lang='lat' dir='ltr'>ut</span> <span class='ocrx_word' id='word_1_386' title='bbox 524 2003 574 2023; x_wconf 88' lang='lat' dir='ltr'>me</span> <span class='ocrx_word' id='word_1_387' title='bbox 599 1994 728 2024; x_wconf 89' lang='lat' dir='ltr'>omnino</span> <span class='ocrx_word' id='word_1_388' title='bbox 753 1994 871 2024; x_wconf 68' lang='lat' dir='ltr'>morte&#39;</span> <span class='ocrx_word' id='word_1_389' title='bbox 904 1994 953 2024; x_wconf 86' lang='lat' dir='ltr'>vel</span> <span class='ocrx_word' id='word_1_390' title='bbox 981 1993 1080 2024; x_wconf 84' lang='lat' dir='ltr'>exilio</span> <span class='ocrx_word' id='word_1_391' title='bbox 1106 1993 1352 2029; x_wconf 83' lang='lat' dir='ltr'>confunderent,</span> <span class='ocrx_word' id='word_1_392' title='bbox 1383 1993 1491 2023; x_wconf 84' lang='lat' dir='ltr'>multis</span> <span class='ocrx_word' id='word_1_393' title='bbox 1522 1993 1624 2023; x_wconf 85' lang='lat' dir='ltr'>modis</span> <span class='ocrx_word' id='word_1_394' title='bbox 1650 1993 1755 2023; x_wconf 79' lang='lat' dir='ltr'>conati</span> <span class='ocrx_word' id='word_1_395' title='bbox 1781 1996 1856 2022; x_wconf 83' lang='lat' dir='ltr'>sunt</span> 
     </span>
    </p>
   </div>
   <div class='ocr_carea' id='block_1_12' title="bbox 172 2045 518 2085">
    <p class='ocr_par' dir='ltr' id='par_1_18' title="bbox 172 2045 518 2085">
     <span class='ocr_line' id='line_1_40' title="bbox 172 2045 518 2085; baseline 0.006 -11"><span class='ocrx_word' id='word_1_396' title='bbox 172 2064 177 2074; x_wconf 84' lang='lat'>.</span> <span class='ocrx_word' id='word_1_397' title='bbox 206 2045 236 2075; x_wconf 90' lang='lat' dir='ltr'>in</span> <span class='ocrx_word' id='word_1_398' title='bbox 262 2055 313 2075; x_wconf 89' lang='lat' dir='ltr'>me</span> <span class='ocrx_word' id='word_1_399' title='bbox 338 2045 518 2085; x_wconf 86' lang='lat' dir='ltr'>insurgere.</span> 
     </span>
    </p>
   </div>
   <div class='ocr_carea' id='block_1_13' title="bbox 207 2096 1862 2551">
    <p class='ocr_par' dir='ltr' id='par_1_19' title="bbox 207 2096 1862 2551">
     <span class='ocr_line' id='line_1_41' title="bbox 310 2096 1858 2138; baseline -0.001 -12"><span class='ocrx_word' id='word_1_400' title='bbox 310 2096 399 2127; x_wconf 87' lang='lat' dir='ltr'>Inter</span> <span class='ocrx_word' id='word_1_401' title='bbox 423 2107 502 2137; x_wconf 88' lang='lat' dir='ltr'>quos</span> <span class='ocrx_word' id='word_1_402' title='bbox 527 2097 713 2138; x_wconf 84' lang='lat' dir='ltr'>specialiter</span> <span class='ocrx_word' id='word_1_403' title='bbox 730 2096 917 2131; x_wconf 82' lang='lat' dir='ltr'>Heinrieus,</span> <span class='ocrx_word' id='word_1_404' title='bbox 944 2107 1039 2138; x_wconf 83' lang='lat' dir='ltr'>quem</span> <span class='ocrx_word' id='word_1_405' title='bbox 1066 2096 1177 2127; x_wconf 86' lang='lat' dir='ltr'>dieunt</span> <span class='ocrx_word' id='word_1_406' title='bbox 1202 2107 1323 2137; x_wconf 80' lang='lat' dir='ltr'>regem.</span> <span class='ocrx_word' id='word_1_407' title='bbox 1350 2096 1495 2127; x_wconf 86' lang='lat' dir='ltr'>IIeinrici</span> <span class='ocrx_word' id='word_1_408' title='bbox 1514 2096 1720 2137; x_wconf 78' lang='lat' dir='ltr'>imperatoris</span> <span class='ocrx_word' id='word_1_409' title='bbox 1740 2096 1858 2130; x_wconf 59' lang='lat' dir='ltr'>liliusfl,</span> 
     </span>
     <span class='ocr_line' id='line_1_42' title="bbox 207 2148 1857 2190; baseline -0.001 -12"><span class='ocrx_word' id='word_1_410' title='bbox 207 2151 319 2178; x_wconf 88' lang='lat' dir='ltr'>eontra</span> <span class='ocrx_word' id='word_1_411' title='bbox 344 2151 484 2179; x_wconf 85' lang='lat' dir='ltr'>vestram</span> <span class='ocrx_word' id='word_1_412' title='bbox 510 2149 698 2180; x_wconf 82' lang='lat' dir='ltr'>calcaneum</span> <span class='ocrx_word' id='word_1_413' title='bbox 725 2149 829 2179; x_wconf 87' lang='lat' dir='ltr'>erexit</span> <span class='ocrx_word' id='word_1_414' title='bbox 861 2149 1044 2183; x_wconf 85' lang='lat' dir='ltr'>ecclesiam,</span> <span class='ocrx_word' id='word_1_415' title='bbox 1078 2149 1164 2179; x_wconf 81' lang='lat' dir='ltr'>faeta</span> <span class='ocrx_word' id='word_1_416' title='bbox 1189 2159 1260 2178; x_wconf 89' lang='lat' dir='ltr'>cum</span> <span class='ocrx_word' id='word_1_417' title='bbox 1287 2148 1396 2178; x_wconf 88' lang='lat' dir='ltr'>multis</span> <span class='ocrx_word' id='word_1_418' title='bbox 1422 2149 1584 2190; x_wconf 81' lang='lat' dir='ltr'>episcopis</span> <span class='ocrx_word' id='word_1_419' title='bbox 1610 2148 1857 2178; x_wconf 78' lang='lat' dir='ltr'>ultramontanis</span> 
     </span>
     <span class='ocr_line' id='line_1_43' title="bbox 209 2199 1858 2241; baseline -0.001 -12"><span class='ocrx_word' id='word_1_420' title='bbox 209 2203 241 2230; x_wconf 89' lang='lat' dir='ltr'>et</span> <span class='ocrx_word' id='word_1_421' title='bbox 265 2199 386 2230; x_wconf 84' lang='lat' dir='ltr'>Italicis</span> <span class='ocrx_word' id='word_1_422' title='bbox 412 2200 660 2241; x_wconf 68' lang='lat' dir='ltr'>conspiratione,</span> <span class='ocrx_word' id='word_1_423' title='bbox 685 2200 843 2237; x_wconf 88' lang='lat' dir='ltr'>annitens,</span> <span class='ocrx_word' id='word_1_424' title='bbox 874 2211 924 2230; x_wconf 90' lang='lat' dir='ltr'>me</span> <span class='ocrx_word' id='word_1_425' title='bbox 949 2199 1119 2230; x_wconf 88' lang='lat' dir='ltr'>deiciendo</span> <span class='ocrx_word' id='word_1_426' title='bbox 1145 2210 1216 2230; x_wconf 91' lang='lat' dir='ltr'>eam</span> <span class='ocrx_word' id='word_1_427' title='bbox 1243 2199 1304 2230; x_wconf 83' lang='lat' dir='ltr'>sibi</span> <span class='ocrx_word' id='word_1_428' title='bbox 1331 2200 1516 2240; x_wconf 75' lang='lat' dir='ltr'>subjugare.</span> <span class='ocrx_word' id='word_1_429' title='bbox 1563 2199 1662 2230; x_wconf 73' lang='lat' dir='ltr'>Cuius</span> <span class='ocrx_word' id='word_1_430' title='bbox 1687 2199 1858 2241; x_wconf 80' lang='lat' dir='ltr'>superbiae</span> 
     </span>
     <span class='ocr_line' id='line_1_44' title="bbox 213 2252 1855 2294; baseline 0 -13"><span class='ocrx_word' id='word_1_431' title='bbox 213 2255 320 2281; x_wconf 81' lang='lat' dir='ltr'>vestra</span> <span class='ocrx_word' id='word_1_432' title='bbox 346 2252 485 2282; x_wconf 76' lang='lat' dir='ltr'>resistitv</span> <span class='ocrx_word' id='word_1_433' title='bbox 509 2252 694 2288; x_wconf 84' lang='lat' dir='ltr'>auctoritas,</span> <span class='ocrx_word' id='word_1_434' title='bbox 720 2257 883 2293; x_wconf 81' lang='lat' dir='ltr'>eamqueW</span> <span class='ocrx_word' id='word_1_435' title='bbox 908 2256 1039 2283; x_wconf 76' lang='lat' dir='ltr'>vestrax</span> <span class='ocrx_word' id='word_1_436' title='bbox 1063 2252 1223 2283; x_wconf 82' lang='lat' dir='ltr'>destruxit</span> <span class='ocrx_word' id='word_1_437' title='bbox 1247 2256 1402 2294; x_wconf 82' lang='lat' dir='ltr'>potestas.</span> <span class='ocrx_word' id='word_1_438' title='bbox 1442 2252 1503 2287; x_wconf 81' lang='lat' dir='ltr'>Qui</span> <span class='ocrx_word' id='word_1_439' title='bbox 1527 2253 1678 2282; x_wconf 75' lang='lat' dir='ltr'>confusus</span> <span class='ocrx_word' id='word_1_440' title='bbox 1703 2256 1734 2281; x_wconf 79' lang='lat' dir='ltr'>et</span> <span class='ocrx_word' id='word_1_441' title='bbox 1752 2252 1855 2282; x_wconf 83' lang='lat' dir='ltr'>humi-</span> 
     </span>
     <span class='ocr_line' id='line_1_45' title="bbox 211 2303 1858 2344; baseline -0.001 -11"><span class='ocrx_word' id='word_1_442' title='bbox 211 2303 307 2334; x_wconf 85' lang='lat' dir='ltr'>liatus</span> <span class='ocrx_word' id='word_1_443' title='bbox 339 2303 378 2333; x_wconf 86' lang='lat' dir='ltr'>ad</span> <span class='ocrx_word' id='word_1_444' title='bbox 408 2314 458 2334; x_wconf 87' lang='lat' dir='ltr'>me</span> <span class='ocrx_word' id='word_1_445' title='bbox 492 2304 522 2334; x_wconf 91' lang='lat' dir='ltr'>in</span> <span class='ocrx_word' id='word_1_446' title='bbox 552 2303 812 2344; x_wconf 82' lang='lat' dir='ltr'>Longobardiam</span> <span class='ocrx_word' id='word_1_447' title='bbox 843 2305 995 2335; x_wconf 73' lang='lat' dir='ltr'>veniensy</span> <span class='ocrx_word' id='word_1_448' title='bbox 1020 2304 1257 2335; x_wconf 84' lang='lat' dir='ltr'>absolutionem</span> <span class='ocrx_word' id='word_1_449' title='bbox 1283 2304 1322 2334; x_wconf 85' lang='lat' dir='ltr'>ab</span> <span class='ocrx_word' id='word_1_450' title='bbox 1349 2304 1683 2334; x_wconf 82' lang='lat' dir='ltr'>excommunicatione</span> <span class='ocrx_word' id='word_1_451' title='bbox 1708 2304 1858 2344; x_wconf 70' lang='lat' dir='ltr'>quesivit.</span> 
     </span>
     <span class='ocr_line' id='line_1_46' title="bbox 211 2355 1859 2398; baseline -0.001 -13"><span class='ocrx_word' id='word_1_452' title='bbox 211 2355 314 2390; x_wconf 83' lang='lat' dir='ltr'>Quem</span> <span class='ocrx_word' id='word_1_453' title='bbox 347 2366 408 2395; x_wconf 91' lang='lat' dir='ltr'>ego</span> <span class='ocrx_word' id='word_1_454' title='bbox 438 2355 550 2386; x_wconf 86' lang='lat' dir='ltr'>videns</span> <span class='ocrx_word' id='word_1_455' title='bbox 584 2355 798 2392; x_wconf 84' lang='lat' dir='ltr'>humiliatum,</span> <span class='ocrx_word' id='word_1_456' title='bbox 834 2356 941 2386; x_wconf 87' lang='lat' dir='ltr'>multis</span> <span class='ocrx_word' id='word_1_457' title='bbox 972 2356 1012 2386; x_wconf 89' lang='lat' dir='ltr'>ab</span> <span class='ocrx_word' id='word_1_458' title='bbox 1043 2367 1080 2386; x_wconf 86' lang='lat' dir='ltr'>eo</span> <span class='ocrx_word' id='word_1_459' title='bbox 1112 2356 1384 2398; x_wconf 81' lang='lat' dir='ltr'>promissionibus</span> <span class='ocrx_word' id='word_1_460' title='bbox 1417 2356 1560 2397; x_wconf 82' lang='lat' dir='ltr'>acceptis</span> <span class='ocrx_word' id='word_1_461' title='bbox 1592 2356 1631 2386; x_wconf 85' lang='lat' dir='ltr'>de</span> <span class='ocrx_word' id='word_1_462' title='bbox 1665 2366 1742 2385; x_wconf 77' lang='lat' dir='ltr'>suae</span> <span class='ocrx_word' id='word_1_463' title='bbox 1776 2356 1859 2384; x_wconf 78' lang='lat' dir='ltr'>vitae</span> 
     </span>
     <span class='ocr_line' id='line_1_47' title="bbox 211 2406 1861 2448; baseline -0.001 -11"><span class='ocrx_word' id='word_1_464' title='bbox 211 2406 467 2442; x_wconf 43' lang='lat' dir='ltr'>emendatione&amp;</span> <span class='ocrx_word' id='word_1_465' title='bbox 501 2407 601 2437; x_wconf 85' lang='lat' dir='ltr'>solam</span> <span class='ocrx_word' id='word_1_466' title='bbox 635 2407 665 2438; x_wconf 90' lang='lat' dir='ltr'>ei</span> <span class='ocrx_word' id='word_1_467' title='bbox 698 2408 956 2438; x_wconf 85' lang='lat' dir='ltr'>communionem</span> <span class='ocrx_word' id='word_1_468' title='bbox 992 2407 1129 2440; x_wconf 82' lang='lat' dir='ltr'>reddidi:</span> <span class='ocrx_word' id='word_1_469' title='bbox 1164 2418 1227 2438; x_wconf 90' lang='lat' dir='ltr'>non</span> <span class='ocrx_word' id='word_1_470' title='bbox 1259 2412 1366 2438; x_wconf 85' lang='lat' dir='ltr'>tamen</span> <span class='ocrx_word' id='word_1_471' title='bbox 1400 2408 1428 2437; x_wconf 90' lang='lat' dir='ltr'>in</span> <span class='ocrx_word' id='word_1_472' title='bbox 1463 2418 1571 2448; x_wconf 82' lang='lat' dir='ltr'>regno,</span> <span class='ocrx_word' id='word_1_473' title='bbox 1604 2417 1707 2447; x_wconf 79' lang='lat' dir='ltr'>aquo</span> <span class='ocrx_word' id='word_1_474' title='bbox 1734 2417 1805 2437; x_wconf 92' lang='lat' dir='ltr'>eum</span> <span class='ocrx_word' id='word_1_475' title='bbox 1832 2407 1861 2436; x_wconf 93' lang='lat' dir='ltr'>in</span> 
     </span>
     <span class='ocr_line' id='line_1_48' title="bbox 213 2458 1862 2500; baseline -0.001 -12"><span class='ocrx_word' id='word_1_476' title='bbox 213 2458 360 2489; x_wconf 86' lang='lat' dir='ltr'>Romana</span> <span class='ocrx_word' id='word_1_477' title='bbox 377 2458 499 2500; x_wconf 78' lang='lat' dir='ltr'>synodo</span> <span class='ocrx_word' id='word_1_478' title='bbox 518 2458 744 2500; x_wconf 82' lang='lat' dir='ltr'>deposueram,</span> <span class='ocrx_word' id='word_1_479' title='bbox 770 2459 980 2489; x_wconf 63' lang='lat' dir='ltr'>instauravissz</span> <span class='ocrx_word' id='word_1_480' title='bbox 1006 2469 1065 2489; x_wconf 87' lang='lat' dir='ltr'>nec</span> <span class='ocrx_word' id='word_1_481' title='bbox 1084 2458 1294 2489; x_wconf 61' lang='lat' dir='ltr'>fidelitatemb</span> <span class='ocrx_word' id='word_1_482' title='bbox 1320 2459 1473 2494; x_wconf 88' lang='lat' dir='ltr'>omnium,</span> <span class='ocrx_word' id='word_1_483' title='bbox 1500 2459 1551 2499; x_wconf 85' lang='lat' dir='ltr'>qui</span> <span class='ocrx_word' id='word_1_484' title='bbox 1571 2458 1648 2488; x_wconf 82' lang='lat' dir='ltr'>sibiC</span> <span class='ocrx_word' id='word_1_485' title='bbox 1674 2458 1862 2487; x_wconf 68' lang='lat' dir='ltr'>iuraverant</span> 
     </span>
     <span class='ocr_line' id='line_1_49' title="bbox 215 2509 1861 2551; baseline -0.001 -11"><span class='ocrx_word' id='word_1_486' title='bbox 215 2510 264 2540; x_wconf 92' lang='lat' dir='ltr'>vel</span> <span class='ocrx_word' id='word_1_487' title='bbox 290 2513 382 2540; x_wconf 87' lang='lat' dir='ltr'>erant</span> <span class='ocrx_word' id='word_1_488' title='bbox 405 2510 551 2544; x_wconf 88' lang='lat' dir='ltr'>iuraturi,</span> <span class='ocrx_word' id='word_1_489' title='bbox 577 2521 595 2540; x_wconf 91' lang='lat' dir='ltr'>a</span> <span class='ocrx_word' id='word_1_490' title='bbox 612 2509 695 2551; x_wconf 80' lang='lat' dir='ltr'>quad</span> <span class='ocrx_word' id='word_1_491' title='bbox 713 2521 823 2541; x_wconf 88' lang='lat' dir='ltr'>omnes</span> <span class='ocrx_word' id='word_1_492' title='bbox 840 2510 964 2540; x_wconf 84' lang='lat' dir='ltr'>absolvi</span> <span class='ocrx_word' id='word_1_493' title='bbox 983 2511 1013 2540; x_wconf 91' lang='lat' dir='ltr'>in</span> <span class='ocrx_word' id='word_1_494' title='bbox 1032 2510 1143 2540; x_wconf 86' lang='lat' dir='ltr'>eadem</span> <span class='ocrx_word' id='word_1_495' title='bbox 1162 2510 1295 2551; x_wconf 67' lang='lat' dir='ltr'>synodo,</span> <span class='ocrx_word' id='word_1_496' title='bbox 1322 2514 1355 2540; x_wconf 88' lang='lat' dir='ltr'>ut</span> <span class='ocrx_word' id='word_1_497' title='bbox 1381 2510 1439 2540; x_wconf 85' lang='lat' dir='ltr'>sibi</span> <span class='ocrx_word' id='word_1_498' title='bbox 1460 2514 1673 2544; x_wconf 42' lang='lat' dir='ltr'>servaretur&amp;</span> <span class='ocrx_word' id='word_1_499' title='bbox 1700 2510 1861 2550; x_wconf 82' lang='lat' dir='ltr'>praecepi.</span> 
     </span>
    </p>
   </div>
   <div class='ocr_carea' id='block_1_14' title="bbox 179 2561 1863 2603">
    <p class='ocr_par' dir='ltr' id='par_1_20' title="bbox 179 2561 1863 2603">
     <span class='ocr_line' id='line_1_50' title="bbox 179 2561 1863 2603; baseline -0.001 -11"><span class='ocrx_word' id='word_1_500' title='bbox 179 2583 183 2593; x_wconf 82' lang='lat'><em>,</em></span> <span class='ocrx_word' id='word_1_501' title='bbox 215 2561 257 2591; x_wconf 82' lang='lat' dir='ltr'>Et</span> <span class='ocrx_word' id='word_1_502' title='bbox 281 2561 361 2592; x_wconf 81' lang='lat' dir='ltr'>haec</span> <span class='ocrx_word' id='word_1_503' title='bbox 386 2561 457 2592; x_wconf 87' lang='lat' dir='ltr'>ideo</span> <span class='ocrx_word' id='word_1_504' title='bbox 483 2561 615 2599; x_wconf 79' lang='lat' dir='ltr'>detinui,</span> <span class='ocrx_word' id='word_1_505' title='bbox 647 2565 681 2591; x_wconf 88' lang='lat' dir='ltr'>ut</span> <span class='ocrx_word' id='word_1_506' title='bbox 715 2562 798 2592; x_wconf 88' lang='lat' dir='ltr'>inter</span> <span class='ocrx_word' id='word_1_507' title='bbox 822 2572 894 2592; x_wconf 82' lang='lat' dir='ltr'>eum</span> <span class='ocrx_word' id='word_1_508' title='bbox 921 2561 970 2592; x_wconf 81' lang='lat' dir='ltr'>etf</span> <span class='ocrx_word' id='word_1_509' title='bbox 993 2562 1163 2603; x_wconf 83' lang='lat' dir='ltr'>episcopos</span> <span class='ocrx_word' id='word_1_510' title='bbox 1190 2563 1238 2592; x_wconf 87' lang='lat' dir='ltr'>vel</span> <span class='ocrx_word' id='word_1_511' title='bbox 1270 2563 1431 2603; x_wconf 75' lang='lat' dir='ltr'>principes</span> <span class='ocrx_word' id='word_1_512' title='bbox 1458 2562 1724 2594; x_wconf 56' lang='lat' dir='ltr'>ulo-zumintanos,</span> <span class='ocrx_word' id='word_1_513' title='bbox 1757 2561 1808 2601; x_wconf 86' lang='lat' dir='ltr'>qui</span> <span class='ocrx_word' id='word_1_514' title='bbox 1835 2561 1863 2590; x_wconf 77' lang='lat' dir='ltr'>ei</span> 
     </span>
    </p>
   </div>
   <div class='ocr_carea' id='block_1_15' title="bbox 219 2614 1861 2654">
    <p class='ocr_par' dir='ltr' id='par_1_21' title="bbox 219 2614 1861 2654">
     <span class='ocr_line' id='line_1_51' title="bbox 219 2614 1861 2654; baseline -0.002 -10"><span class='ocrx_word' id='word_1_515' title='bbox 219 2623 318 2644; x_wconf 88' lang='lat' dir='ltr'>causa</span> <span class='ocrx_word' id='word_1_516' title='bbox 342 2614 494 2644; x_wconf 87' lang='lat' dir='ltr'>iussionis</span> <span class='ocrx_word' id='word_1_517' title='bbox 521 2618 647 2644; x_wconf 88' lang='lat' dir='ltr'>vestrae</span> <span class='ocrx_word' id='word_1_518' title='bbox 672 2614 833 2645; x_wconf 87' lang='lat' dir='ltr'>ecclesiae</span> <span class='ocrx_word' id='word_1_519' title='bbox 859 2614 1052 2647; x_wconf 79' lang='lat' dir='ltr'>restiterant.</span> <span class='ocrx_word' id='word_1_520' title='bbox 1079 2614 1234 2644; x_wconf 84' lang='lat' dir='ltr'>iustitiam</span> <span class='ocrx_word' id='word_1_521' title='bbox 1256 2614 1398 2644; x_wconf 87' lang='lat' dir='ltr'>facerem</span> <span class='ocrx_word' id='word_1_522' title='bbox 1418 2614 1467 2644; x_wconf 86' lang='lat' dir='ltr'>vel</span> <span class='ocrx_word' id='word_1_523' title='bbox 1492 2623 1604 2654; x_wconf 80' lang='lat' dir='ltr'>pacem</span> <span class='ocrx_word' id='word_1_524' title='bbox 1624 2622 1861 2653; x_wconf 73' lang='lat' dir='ltr'>componerem,</span> 
     </span>
    </p>
   </div>
   <div class='ocr_carea' id='block_1_16' title="bbox 214 2706 1866 2826">
    <p class='ocr_par' dir='ltr' id='par_1_22' title="bbox 214 2706 1866 2826">
     <span class='ocr_line' id='line_1_52' title="bbox 318 2706 1864 2740; baseline -0.001 -9"><span class='ocrx_word' id='word_1_525' title='bbox 318 2707 382 2733; x_wconf 73' lang='lat'>391.</span> <span class='ocrx_word' id='word_1_526' title='bbox 408 2707 425 2739; x_wconf 84' lang='lat'>¹)</span> <span class='ocrx_word' id='word_1_527' title='bbox 445 2709 536 2733; x_wconf 74' lang='lat' dir='ltr'>abhinc</span> <span class='ocrx_word' id='word_1_528' title='bbox 555 2709 630 2733; x_wconf 72' lang='lat' dir='ltr'>etiam</span> <span class='ocrx_word' id='word_1_529' title='bbox 650 2709 676 2732; x_wconf 76' lang='grc' dir='ltr'>ἰιι</span> <span class='ocrx_word' id='word_1_530' title='bbox 695 2708 718 2734; x_wconf 83' lang='grc'>3,</span> <span class='ocrx_word' id='word_1_531' title='bbox 738 2707 761 2733; x_wconf 88' lang='grc'>4.</span> <span class='ocrx_word' id='word_1_532' title='bbox 852 2709 883 2739; x_wconf 77' lang='lat'>¹¹¹)</span> <span class='ocrx_word' id='word_1_533' title='bbox 902 2709 1009 2740; x_wconf 79' lang='lat' dir='ltr'>apostoli</span> <span class='ocrx_word' id='word_1_534' title='bbox 1030 2708 1053 2733; x_wconf 83' lang='grc'>3.</span> <span class='ocrx_word' id='word_1_535' title='bbox 1142 2711 1168 2734; x_wconf 65' lang='grc' dir='ltr'>Π)</span> <span class='ocrx_word' id='word_1_536' title='bbox 1189 2710 1255 2734; x_wconf 69' lang='lat' dir='ltr'>deest</span> <span class='ocrx_word' id='word_1_537' title='bbox 1275 2709 1298 2734; x_wconf 74' lang='grc'>2.</span> <span class='ocrx_word' id='word_1_538' title='bbox 1388 2712 1411 2732; x_wconf 55' lang='grc' dir='ltr'>ἢν</span> <span class='ocrx_word' id='word_1_539' title='bbox 1433 2717 1487 2732; x_wconf 84' lang='lat' dir='ltr'>mco</span> <span class='ocrx_word' id='word_1_540' title='bbox 1507 2708 1566 2731; x_wconf 67' lang='lat' dir='ltr'>mm.</span> <span class='ocrx_word' id='word_1_541' title='bbox 1586 2708 1609 2731; x_wconf 66' lang='lat' dir='ltr'>L&#39;.</span> <span class='ocrx_word' id='word_1_542' title='bbox 1629 2707 1652 2731; x_wconf 70' lang='lat'>53.</span> <span class='ocrx_word' id='word_1_543' title='bbox 1725 2710 1749 2733; x_wconf 66' lang='grc' dir='ltr'>Ρ)</span> <span class='ocrx_word' id='word_1_544' title='bbox 1771 2707 1821 2730; x_wconf 81' lang='lat' dir='ltr'>Nee</span> <span class='ocrx_word' id='word_1_545' title='bbox 1843 2706 1864 2730; x_wconf 90' lang='lat'>1.</span> 
     </span>
     <span class='ocr_line' id='line_1_53' title="bbox 214 2749 1864 2783; baseline 0.001 -8"><span class='ocrx_word' id='word_1_546' title='bbox 214 2751 239 2783; x_wconf 75' lang='lat' dir='ltr'>q)</span> <span class='ocrx_word' id='word_1_547' title='bbox 259 2760 335 2783; x_wconf 78' lang='lat' dir='ltr'>snper</span> <span class='ocrx_word' id='word_1_548' title='bbox 353 2751 376 2776; x_wconf 75' lang='lat'>2.</span> <span class='ocrx_word' id='word_1_549' title='bbox 396 2751 420 2776; x_wconf 85' lang='lat'>3.</span> <span class='ocrx_word' id='word_1_550' title='bbox 508 2752 527 2782; x_wconf 83' lang='grc' dir='ltr'>ι”)</span> <span class='ocrx_word' id='word_1_551' title='bbox 548 2752 613 2777; x_wconf 73' lang='lat' dir='ltr'>deest</span> <span class='ocrx_word' id='word_1_552' title='bbox 633 2752 654 2776; x_wconf 74' lang='lat'>3.</span> <span class='ocrx_word' id='word_1_553' title='bbox 677 2750 699 2776; x_wconf 86' lang='grc'>4.</span> <span class='ocrx_word' id='word_1_554' title='bbox 791 2754 811 2783; x_wconf 75' lang='lat' dir='ltr'>S)</span> <span class='ocrx_word' id='word_1_555' title='bbox 831 2752 897 2776; x_wconf 69' lang='lat' dir='ltr'>deest</span> <span class='ocrx_word' id='word_1_556' title='bbox 916 2752 939 2776; x_wconf 76' lang='lat'>3.</span> <span class='ocrx_word' id='word_1_557' title='bbox 1028 2753 1048 2783; x_wconf 69' lang='lat' dir='ltr'>t)</span> <span class='ocrx_word' id='word_1_558' title='bbox 1069 2753 1141 2776; x_wconf 76' lang='lat' dir='ltr'>morti</span> <span class='ocrx_word' id='word_1_559' title='bbox 1161 2753 1290 2777; x_wconf 72' lang='lat' dir='ltr'>traderent.</span> <span class='ocrx_word' id='word_1_560' title='bbox 1308 2751 1330 2776; x_wconf 62' lang='lat'>⁴1.</span> <span class='ocrx_word' id='word_1_561' title='bbox 1404 2755 1428 2777; x_wconf 62' lang='lat'>&#39;¹1</span> <span class='ocrx_word' id='word_1_562' title='bbox 1450 2752 1529 2774; x_wconf 76' lang='lat' dir='ltr'>filium</span> <span class='ocrx_word' id='word_1_563' title='bbox 1552 2750 1572 2774; x_wconf 77' lang='lat' dir='ltr'>l·</span> <span class='ocrx_word' id='word_1_564' title='bbox 1647 2752 1667 2777; x_wconf 61' lang='lat' dir='ltr'>&#39;l</span> <span class='ocrx_word' id='word_1_565' title='bbox 1689 2751 1778 2774; x_wconf 55' lang='lat' dir='ltr'>resliiit</span> <span class='ocrx_word' id='word_1_566' title='bbox 1798 2749 1821 2773; x_wconf 63' lang='lat'>‘2-</span> <span class='ocrx_word' id='word_1_567' title='bbox 1841 2749 1864 2773; x_wconf 83' lang='lat'>4·</span> 
     </span>
     <span class='ocr_line' id='line_1_54' title="bbox 214 2793 1866 2826; baseline -0.001 -8"><span class='ocrx_word' id='word_1_568' title='bbox 214 2794 244 2824; x_wconf 80' lang='lat' dir='ltr'>w)</span> <span class='ocrx_word' id='word_1_569' title='bbox 265 2803 373 2826; x_wconf 81' lang='lat' dir='ltr'>eumque</span> <span class='ocrx_word' id='word_1_570' title='bbox 393 2794 416 2819; x_wconf 84' lang='lat'>3.</span> <span class='ocrx_word' id='word_1_571' title='bbox 522 2796 546 2818; x_wconf 61' lang='lat' dir='ltr'>x}</span> <span class='ocrx_word' id='word_1_572' title='bbox 566 2799 652 2818; x_wconf 71' lang='lat' dir='ltr'>nostra</span> <span class='ocrx_word' id='word_1_573' title='bbox 674 2794 695 2819; x_wconf 88' lang='lat' dir='ltr'>l.</span> <span class='ocrx_word' id='word_1_574' title='bbox 801 2795 825 2818; x_wconf 56' lang='lat' dir='ltr'>y)</span> <span class='ocrx_word' id='word_1_575' title='bbox 847 2795 916 2818; x_wconf 79' lang='lat' dir='ltr'>venit</span> <span class='ocrx_word' id='word_1_576' title='bbox 934 2794 957 2819; x_wconf 84' lang='lat'>3.</span> <span class='ocrx_word' id='word_1_577' title='bbox 1059 2798 1080 2821; x_wconf 61' lang='lat' dir='ltr'>z)</span> <span class='ocrx_word' id='word_1_578' title='bbox 1100 2796 1275 2819; x_wconf 72' lang='lat' dir='ltr'>melioratione</span> <span class='ocrx_word' id='word_1_579' title='bbox 1295 2794 1318 2819; x_wconf 66' lang='lat'>3.</span> <span class='ocrx_word' id='word_1_580' title='bbox 1407 2795 1429 2819; x_wconf 55' lang='grc' dir='ltr'>α)</span> <span class='ocrx_word' id='word_1_581' title='bbox 1451 2794 1591 2818; x_wconf 75' lang='lat' dir='ltr'>restauravi</span> <span class='ocrx_word' id='word_1_582' title='bbox 1611 2794 1634 2817; x_wconf 70' lang='lat'>3.</span> <span class='ocrx_word' id='word_1_583' title='bbox 1725 2793 1748 2823; x_wconf 69' lang='lat' dir='ltr'>b)</span> <span class='ocrx_word' id='word_1_584' title='bbox 1767 2793 1866 2823; x_wconf 55' lang='lat' dir='ltr'>sivla-11</span> 
     </span>
    </p>
   </div>
   <div class='ocr_carea' id='block_1_17' title="bbox 213 2837 1562 2869">
    <p class='ocr_par' dir='ltr' id='par_1_23' title="bbox 213 2837 1562 2869">
     <span class='ocr_line' id='line_1_55' title="bbox 213 2837 1562 2869; baseline -0.001 -8"><span class='ocrx_word' id='word_1_585' title='bbox 213 2837 327 2862; x_wconf 70' lang='lat' dir='ltr'>fidelitas</span> <span class='ocrx_word' id='word_1_586' title='bbox 347 2837 419 2862; x_wconf 66' lang='grc'>1--44</span> <span class='ocrx_word' id='word_1_587' title='bbox 513 2839 535 2869; x_wconf 79' lang='lat'>⁰)</span> <span class='ocrx_word' id='word_1_588' title='bbox 555 2839 576 2862; x_wconf 85' lang='lat' dir='ltr'>ei</span> <span class='ocrx_word' id='word_1_589' title='bbox 596 2838 619 2862; x_wconf 75' lang='grc'>3.</span> <span class='ocrx_word' id='word_1_590' title='bbox 708 2837 731 2866; x_wconf 77' lang='lat'>¹¹)</span> <span class='ocrx_word' id='word_1_591' title='bbox 752 2846 803 2868; x_wconf 81' lang='lat' dir='ltr'>qno</span> <span class='ocrx_word' id='word_1_592' title='bbox 824 2838 846 2862; x_wconf 86' lang='lat' dir='ltr'>l.</span> <span class='ocrx_word' id='word_1_593' title='bbox 936 2840 958 2865; x_wconf 73' lang='lat'>⁰)</span> <span class='ocrx_word' id='word_1_594' title='bbox 979 2843 1108 2862; x_wconf 73' lang='lat' dir='ltr'>servarent</span> <span class='ocrx_word' id='word_1_595' title='bbox 1128 2838 1151 2863; x_wconf 83' lang='lat'>4.</span> <span class='ocrx_word' id='word_1_596' title='bbox 1241 2838 1262 2866; x_wconf 65' lang='lat' dir='ltr'>s)</span> <span class='ocrx_word' id='word_1_597' title='bbox 1283 2843 1305 2862; x_wconf 65' lang='lat' dir='ltr'>ct</span> <span class='ocrx_word' id='word_1_598' title='bbox 1326 2838 1455 2869; x_wconf 56' lang='lat' dir='ltr'>episcopo&lt;</span> <span class='ocrx_word' id='word_1_599' title='bbox 1475 2837 1524 2861; x_wconf 51' lang='lat' dir='ltr'>‹Is-s.</span> <span class='ocrx_word' id='word_1_600' title='bbox 1539 2837 1562 2860; x_wconf 68' lang='grc' dir='ltr'>ῑῗ.</span> 
     </span>
    </p>
   </div>
  </div>
 </body>
</html>
