2205 3072
172 762 195 779 lv

171 1019 193 1036 15

168 1276 193 1293 2¹0

168 1796 192 1812 :w

169 2054 192 2071 ³5

169 2312 193 2329 40

169 2572 194 2590 45

167 2841 192 2858 50

627 198 790 225 HEINRICI
812 198 856 224 vl.
876 198 1200 224 CONSTITUTIONES.
1239 198 1313 223 1197.
1350 198 1397 223 Nr.
1411 198 1471 224 37:³7.
1810 200 1871 228 527

222 291 355 326 paginam
384 299 550 317 renovamus
580 292 608 316 et
636 290 839 321 confirmamus,
869 289 909 316 ita
937 289 1058 323 quidem,
1089 292 1119 316 ut
1150 296 1214 324 pars
1244 289 1318 322 parti
1342 288 1381 314 nil
1405 289 1558 323 malignum
1582 292 1632 316 aut
1655 289 1799 321 iniustum,
1824 290 1872 316 sed

222 352 331 376 semper
359 342 435 375 quod
462 343 568 368 rectum
603 343 653 373 est,
687 341 716 367 in
745 341 874 367 omnibus
901 341 1060 367 actionibus
1090 343 1117 367 et
1148 341 1230 367 rebus
1264 342 1355 367 facero
1387 344 1531 374 presumat
1559 343 1587 368 et
1616 341 1646 371 siv
1676 341 1751 374 quod
1774 336 1870 373 absitiy

223 394 318 427 aliqua
341 393 452 419 malicia
477 393 519 419 vel
544 392 612 419 lesio
637 393 711 419 inter
734 394 828 426 partes
853 392 999 418 commissa
1024 392 1116 423 suerit,
1145 401 1195 426 per
1218 392 1300 418 huius
1330 392 1430 418 sederis
1454 392 1567 419 decreta
1591 394 1718 425 tergatur
1741 402 1773 419 ae
1797 394 1872 419 facta

219 445 416 471 'satisi'actione
440 454 457 470 a
480 444 578 470 rebelli
602 445 631 470 et
653 446 859 477 transgressore
883 445 963 477 parte
987 443 1022 469 ad
1046 446 1159 477 pactum
1184 443 1388 469 observandum
1412 444 1463 470 hec
1486 444 1571 471 series
1588 445 1689 471 federis
1706 454 1755 478 per
1771 447 1871 471 cuncta

222 496 424 524 inviolabiliter
447 505 583 522 annorum
607 504 716 530 semper
739 495 877 521 curricula
899 497 1020 527 manea-t,
1045 497 1153 521 remota
1177 495 1399 522 contradictione
1417 496 1460 522 vel
1477 496 1681 530 inpugnatione
1699 498 1757 522 tam
1774 498 1867 523 nostra

221 557 306 582 quam
329 548 453 574 omnium
476 556 667 574 successorum
690 549 858 573 nostrorum.

323 600 395 631 Quia
423 599 558 625 iniustum
582 599 700 631 videtur,
730 600 761 624 ut
785 598 886 632 aliquis
911 598 953 624 vel
978 597 1034 624 suis
1059 598 1102 624 vel
1127 598 1205 631 equis
1236 598 1430 624 sanctionibus
1454 607 1618 632 oppugnare
1643 599 1758 631 nitatur,
1789 601 1817 626 et
1841 601 1871 626 ut

220 651 340 678 maxime
364 653 499 677 notentur
522 650 683 685 specialiter
706 650 791 676 vicini
814 649 912 684 populi
936 651 994 675 tam
1018 659 1051 676 ex
1075 651 1173 676 nostro
1197 659 1283 684 regno
1308 659 1393 683 quam
1417 659 1449 676 ex
1475 651 1600 683 predicto
1625 652 1728 677 ducatu
1743 652 1870 680 Venetic.

220 714 237 730 a
259 703 361 737 quibus
385 703 543 729 omnimodo
568 703 638 729 hanc
662 702 802 736 pactionis
825 701 1035 728 institutionem
1059 702 1262 728 observandam
1286 711 1345 728 esse
1369 702 1552 734 decernimusy
1578 702 1617 728 hii
1641 705 1705 729 sunt
1723 713 1755 729 ex
1774 705 1870 729 nostro

223 755 330 782 scilieet
353 755 426 781 iure:
450 754 608 788 PapienseS,
633 753 865 785 Mediolanenses,
889 753 1098 785 Cremonenses,
1117 754 1262 785 Lucenses,
1280 753 1382 785 Pisani,
1400 754 1559 783 Iannenses,
1576 755 1741 787 Placentini,
1760 756 1870 781 mort—n>

221 807 282 839 tini,
308 807 506 838 Ferrarienses,
531 806 716 837 Ravenenses,
741 805 954 836 Cloniaclenses,
979 805 1178 837 Ariminenses,
1202 805 1402 837 Pisaurienses,
1427 806 1605 837 CesenenseS,
1623 807 1771 838 Fanenses,
1788 807 1870 833 Seno-

219 859 378 893 gallienses,
411 858 599 889 Anconenses,
630 857 759 889 Humani,
790 857 954 889 Fir-menses,
992 857 1154 891 Epinenses.
1185 857 1366 889 Veronenses,
1403 857 1652 887 Montesilicenses,
1682 858 1870 889 Gavellenses,

222 904 452 941 Vineentensesk,
476 909 610 941 Paduani,
635 909 782 940 Tervisini,
806 909 985 939 Cenotenses,
1011 908 1224 940 Foroiuliensesy
1249 908 1429 940 Histrieiises,
1454 910 1481 934 et
1499 908 1592 935 cuncti
1607 909 1641 935 de
1658 911 1753 935 nostro
1772 909 1870 935 Italico

222 970 315 995 regno,
345 961 403 987 sivo
431 961 479 995 qui
502 961 584 987 modo
613 963 678 987 sunt
707 961 749 987 vel
779 961 826 994 qui
854 960 882 986 in
911 962 1055 994 posterum
1084 960 1171 986 futuri
1195 962 1274 991 sunt;
1305 969 1338 986 ex
1368 959 1494 993 predicto
1519 969 1584 986 vcro
1613 955 1729 986 ducatu¹
1754 961 1870 987 Venetie

221 1015 299 1039 sunt:
331 1013 534 1045 Rivoaltenws,
567 1013 815 1043 Metamaueenses,
848 1012 1047 1043 Torcellenses,
1083 1012 1281 1046 Ulugicnsesm,
1316 1012 1544 1043 Palestrinenses,
1579 1012 1870 1045 Caputargellenscs¹¹,

220 1065 466 1097 Brundulienses0,
490 1064 650 1096 Lauretuni,
676 1064 898 1095 Murianensesv,
923 1064 1114 1095 Amianenses,
1140 1063 1335 1095 Burianenses,
1360 1063 1534 1097 Equilenses,
1559 1063 1775 1097 Uaprulenses‘l,
1800 1064 1870 1090 Civi-

220 1116 382 1147 tatinenses,
408 1117 548 1144 Finenses.
573 1116 729 1143 Gradenses
753 1118 780 1143 et
805 1117 905 1142 cuncta
928 1115 1099 1149 generalitas
1124 1115 1220 1150 populi
1244 1115 1380 1147 Venetici,
1405 1115 1463 1142 sive
1487 1115 1535 1149 qui
1559 1115 1641 1142 modo
1666 1117 1731 1142 sunt
1756 1116 1798 1141 vel
1823 1116 1871 1149 qui

221 1167 307 1194 futuri
331 1170 404 1194 sunt.

323 1215 372 1256 (l)
396 1220 597 1246 Confirmamus
622 1219 718 1252 itaque
734 1219 933 1245 veneticorum
950 1221 1017 1245 fines
1034 1228 1050 1244 a
1067 1218 1177 1245 nemine
1195 1221 1353 1245 nostrorum
1377 1219 1538 1252 inquietari.
1564 1219 1659 1245 invadi
1677 1219 1719 1245 vel
1737 1219 1871 1245 minorari

220 1272 329 1303 debere,
354 1272 401 1298 sed
424 1272 510 1297 libere
535 1273 563 1297 et
587 1271 692 1304 absque
716 1271 773 1297 ullo
798 1271 918 1305 impulsu
943 1280 996 1304 que
1021 1272 1096 1296 retro
1120 1270 1155 1296 ab
1179 1270 1261 1296 annis
1286 1271 1469 1304 possederunt
1494 1271 1598 1301 multis,
1627 1271 1759 1304 deinceps
1784 1271 1870 1304 possi-

219 1325 312 1350 deant,
358 1323 548 1358 Proprietates
573 1332 637 1349 vero
661 1325 689 1349 et
712 1322 817 1357 predia,
842 1332 895 1356 que
920 1323 1022 1349 habere
1041 1322 1170 1348 videntur
1194 1324 1252 1348 tam
1278 1322 1337 1356 ipse
1361 1323 1415 1349 dux
1440 1332 1523 1356 quani
1548 1332 1612 1348 suus
1637 1322 1797 1356 patriarcha
1822 1331 1871 1348 nec

220 1385 275 1402 non
300 1375 433 1410 episcopi,
457 1375 574 1401 abbates
599 1377 627 1401 ct
651 1375 766 1401 ecclesie
791 1377 887 1401 sancte
904 1374 955 1400 Dei
979 1376 1007 1400 et
1031 1373 1155 1407 reliquus
1180 1375 1299 1408 populus
1325 1374 1442 1401 Vcnetie
1467 1374 1519 1400 sibi
1544 1375 1686 1401 subiectus
1705 1374 1777 1400 infra
1794 1376 1870 1408 potc-

220 1430 322 1454 statem
346 1427 457 1461 imperii
480 1426 577 1458 nostri,
607 1426 665 1453 sive
690 1427 718 1452 in
742 1426 855 1460 campis,
886 1426 943 1452 sive
968 1426 996 1452 in
1019 1425 1157 1457 domibus,
1186 1426 1281 1459 pratisv
1311 1426 1388 1452 silvis
1398 1427 1416 1457 Γ,
1447 1426 1543 1456 vineis,
1575 1426 1731 1460 paludibus.
1756 1426 1871 1455 salictis,

220 1479 401 1510 saeionibuss,
426 1478 629 1512 piscationibus
653 1480 682 1504 et
706 1478 806 1504 ceteris
830 1477 1062 1512 possessionibus,
1087 1477 1182 1511 quiete
1206 1478 1367 1511 possideant
1394 1478 1498 1512 absque
1520 1478 1684 1512 cuiusquam
1709 1478 1871 1504 insultantis

222 1531 429 1557 machinatione
458 1532 506 1556 aut
537 1530 642 1556 lesione
668 1530 724 1556 sive
754 1529 868 1555 sinistra
897 1526 1044 1563 quapiam²
1072 1529 1314 1562 tergiversatione,
1346 1530 1385 1555 ita
1416 1531 1447 1555 ut
1471 1538 1552 1556 nemo
1577 1529 1807 1556 contrarietatem
1832 1530 1871 1556 eis·

219 1583 282 1609 inde
307 1583 398 1609 facere
422 1584 575 1616 presumat.
620 1581 676 1608 Nec
700 1581 786 1608 etiam
812 1581 996 1607 venationes¹¹
1020 1582 1069 1607 aut
1095 1581 1282 1614 pabulatumv
1305 1581 1364 1607 sinc
1389 1591 1485 1607 eorum
1502 1581 1618 1608 licentia
1635 1583 1765 1607 exerceat
1782 1591 1871 1614 neque

219 1634 377 1661 molestiam
408 1634 447 1660 ibi
473 1633 660 1660 residentibus
685 1633 788 1660 inferat
819 1642 910 1666 neque
934 1633 1058 1666 aliquam
1083 1641 1182 1658 navem
1212 1633 1335 1666 ipsorum
1361 1633 1557 1660 Veneticorum
1582 1633 1610 1659 in
1634 1633 1758 1666 aliquaw
1782 1633 1871 1659 nostri

220 1685 327 1719 imperii
352 1687 432 1719 parte
456 1685 687 1719 periclitantemx
710 1685 821 1718 predari
846 1694 893 1711 seu
918 1684 1077 1711 hominibus
1101 1684 1279 1718 naufragium
1304 1685 1479 1718 pacientibus
1504 1685 1627 1718 aliquam
1651 1685 1871 1711 controversizun

220 1737 321 1763 inferre
346 1739 501 1771 presumat:
530 1737 604 1770 quod
633 1737 680 1770 qui
705 1736 810 1765 fecerit,
842 1738 993 1770 componat
1016 1738 1128 1763 centum
1158 1736 1243 1762 libras
1267 1736 1328 1762 auri
1356 1737 1497 1770 purissimi
1522 1736 1585 1768 illis,
1615 1737 1716 1770 quibus
1741 1736 1871 1762 iniuriam

220 1789 374 1820 intulerity,
404 1791 432 1815 et
461 1798 504 1815 res
536 1788 660 1815 dominio
691 1788 894 1822 possidentium
923 1788 1120 1822 mancipentur
1150 1790 1177 1814 et
1209 1788 1304 1821 quiete
1334 1788 1419 1815 liceat
1446 1788 1652 1823 possessoribus
1682 1788 1744 1814 illas
1776 1790 1870 1814 tencre

221 1851 252 1867 ac
277 1841 340 1867 frui.

324 1888 373 1929 (2)
398 1892 501 1924 Quodsi
525 1901 656 1918 excursus
680 1893 754 1919 inter
778 1895 872 1926 partes
897 1894 987 1919 factus·
1012 1893 1104 1921 fuerit,
1130 1892 1191 1926 ipsa
1214 1901 1342 1926 persona,
1367 1901 1420 1925 que
1445 1892 1474 1918 in
1491 1892 1583 1926 capite
1601 1891 1685 1918 fuerit
1702 1892 1737 1917 ad
1754 1892 1870 1917 candem

221 1945 360 1971 maliciam
384 1945 549 1977 faciendam,
574 1946 645 1972 infra
671 1946 715 1972 LX
739 1946 798 1972 dies
818 1946 954 1975 tradatur.
979 1947 1007 1972 ct
1026 1945 1128 1973 omnia.
1152 1955 1206 1978 que
1224 1945 1329 1971 fuerint
1345 1944 1448 1974 ablata,
1474 1944 1501 1969 in
1519 1944 1634 1977 duplum
1657 1943 1870 1973 1·cstituantu¹·⁷';

221 1997 320 2030 quodsi
345 1997 434 2031 ipsum
458 1997 572 2031 duplum
597 1998 782 2031 compositum
812 2007 867 2024 non
898 1998 980 2024 t'uerit
1006 1998 1049 2023 vel
1080 2006 1199 2031 persona
1223 1997 1285 2030 ipsa
1314 1996 1419 2023 tradita
1443 2005 1498 2022 non
1529 1995 1614 2021 suerit
1638 1995 1710 2021 infra
1737 1995 1778 2020 Lx
1803 1995 1870 2022 dics,

223 2051 253 2075 ut
275 2049 381 2074 dictum
405 2050 455 2079 est,
480 2050 546 2075 tune
570 2049 638 2082 pera
663 2058 888 2083 unamquannluc
912 2058 1068 2083 personam,
1094 2058 1146 2082 que
1164 2048 1254 2082 ipsam
1271 2045 1410 2074 maliciam
1428 2047 1642 2081 pei-1⁷»etraverit
1667 2049 1872 2080 componantur

223 2101 300 2127 aurei
324 2101 480 2134 quingenti.

323 2147 372 2188 (3)
398 2151 426 2177 Si
450 2152 555 2177 furtum
578 2152 651 2178 inter
675 2154 769 2185 partes
793 2152 877 2178 fuerit
902 2153 1016 2180 tactum,
1041 2151 1069 2177 in
1093 2151 1280 2185 quadruplum
1304 2151 1479 2177 restituatur.

325 2198 373 2239 (4)
398 2202 426 2228 si
455 2203 527 2229 servi
559 2206 608 2229 aut
638 2203 738 2229 ancille.
762 2203 836 2229 inter
859 2205 954 2237 partes
983 2203 1168 2237 confugerint,
1202 2212 1263 2228 cum
1294 2202 1422 2229 omnibus
1452 2202 1542 2233 rebus,
1575 2211 1644 2235 quas
1673 2210 1765 2228 secum
1794 2201 1870 2226 detti<

222 2254 312 2285 lerint,
337 2254 501 2285 reddantur;
527 2256 553 2281 et
578 2255 668 2286 iudex,
693 2255 741 2288 qui
765 2254 840 2288 ipsos
865 2255 998 2289 fugitivos
1023 2255 1182 2285 reddiderit,
1208 2254 1329 2288 accipiat
1352 2262 1402 2287 pro
1427 2262 1594 2286 unoquoque
1619 2253 1743 2286 singulos
1768 2252 1871 2278 solidos

221 2306 294 2337 auri,
326 2306 365 2332 sie
389 2308 483 2332 tamen
515 2308 558 2338 ut,
587 2307 609 2332 si
639 2307 758 2340 amplius
786 2307 949 2340 requiritur,
982 2316 1032 2340 per
1062 2308 1266 2332 sacramentum
1294 2306 1404 2339 ydonea
1433 2305 1552 2331 dominis
1581 2305 1691 2330 illorum
1716 2304 1872 2330 satisfactio

220 2358 275 2384 fiat.
321 2358 349 2383 Si
374 2367 438 2384 vcro
462 2358 544 2385 iudex
566 2360 616 2384 aut
636 2355 757 2392 aliquisb
780 2359 855 2392 ipsos
877 2359 1010 2393 fugitivos
1028 2358 1199 2392 susceperitc
1224 2359 1252 2384 et
1269 2366 1316 2383 eos
1337 2357 1451 2383 reddere
1475 2365 1539 2382 cura
1557 2356 1702 2390 negaverit
1727 2358 1755 2382 et
1772 2355 1871 2381 exinde

221 2409 356 2443 fugerint,
386 2411 452 2435 tunc
480 2419 530 2443 pro
558 2418 726 2443 unoquoque
757 2409 876 2443 fugitivo
906 2412 1057 2443 componat
1084 2409 1145 2436 auri
1170 2409 1272 2435 solidos
1296 2404 1424 2434 LXXHd.
1471 2408 1574 2439 Quodsi
1598 2407 1712 2433 dubium
1737 2407 1820 2432 fuerit
1844 2408 1872 2432 et

219 2461 400 2494 denegaverit
425 2461 507 2487 iudex
533 2462 575 2487 vel
599 2463 697 2488 auctor
720 2461 773 2487 loci
797 2461 881 2493 illius,
905 2461 933 2487 in
957 2470 1012 2494 quo
1042 2461 1155 2495 fugitivi
1185 2461 1377 2494 requiruntur,
1407 2462 1473 2486 tunc
1502 2460 1637 2494 prebeant
1668 2460 1870 2485 sacramentum

219 2513 365 2539 duodecim
389 2513 479 2544 electi,
503 2514 577 2547 quod
601 2513 639 2539 ibi
664 2513 786 2546 suscepti
809 2522 866 2539 non
890 2513 994 2540 fuerint
1017 2522 1068 2539 nec
1091 2513 1155 2539 illos
1179 2512 1303 2539 habeant
1319 2522 1369 2538 nec
1386 2512 1415 2538 in
1431 2511 1603 2538 conscientia
1620 2511 1731 2537 illorum
1748 2510 1804 2536 sint
1820 2520 1870 2536 nec

221 2564 329 2598 aliquas
360 2573 402 2590 res
434 2564 546 2591 illorum
574 2575 666 2591 secum
690 2564 848 2591 habuerint.
894 2565 922 2591 Si
946 2566 1041 2591 autem
1063 2565 1115 2591 hoc
1139 2564 1281 2590 distulerit
1305 2565 1404 2595 facere,
1437 2565 1501 2597 post
1528 2563 1645 2597 primam
1670 2564 1698 2589 et
1722 2562 1869 2588 secundam

325 2662 390 2689 378.
415 2662 433 2693 ἰ)
453 2664 520 2689 absit
539 2665 607 2695 quod
628 2663 649 2688 1.
756 2662 780 2694 k)
802 2664 918 2688 Viucent.
940 2663 962 2687 l.
981 2663 1004 2687 2.
1110 2662 1129 2694 l)
1148 2673 1196 2688 υηι.
1218 2663 1237 2687 l.
1337 2665 1368 2691 ¹¹¹)
1389 2663 1530 2694 Clugenses
1549 2662 1573 2686 3.
1663 2661 1687 2692 υ)
1708 2661 1869 2694 Capargelle-

222 2707 306 2731 leuses
326 2706 352 2737 1;
371 2707 607 2739 Campargellenses
626 2708 650 2732 2.
670 2707 693 2732 3.
799 2707 822 2737 0)
841 2707 1023 2731 Brudulienses
1043 2706 1067 2732 2.
1086 2706 1111 2731 3.
1215 2706 1240 2734 Ρ)
1260 2707 1453 2730 Maurianenses
1471 2705 1494 2729 2.
1515 2704 1538 2729 3.
1636 2706 1662 2734 ’4)
1681 2706 1826 2737 Capruleffo
1847 2703 1868 2728 1.

221 2750 241 2779 ¹·)
261 2758 309 2773 om.
329 2748 353 2773 3.
440 2750 461 2780 S)
481 2751 657 2774 sanctionibus
676 2749 699 2774 3.
783 2750 802 2780 t)
822 2750 953 2782 quippiam
971 2748 995 2774 3.
1067 2754 1092 2779 Η)
1113 2750 1274 2774 venationem
1293 2749 1316 2773 3.
1394 2753 1417 2779 ν)
1437 2741 1542 2780 pabulR
1557 2748 1580 2777 1;
1600 2748 1788 2780 pabulationem
1801 2747 1825 2772 ⁵2.
1845 2748 1868 2771 3.

221 2792 251 2821 w)
269 2792 380 2823 aliquam
400 2792 426 2817 2.
514 2793 538 2822 x)
558 2793 733 2825 periclitantes
754 2791 827 2816 1—3.
915 2792 939 2822 y)
958 2792 1045 2817 intulit
1065 2792 1138 2816 1—3.
1210 2794 1232 2823 Z)
1252 2792 1402 2816 restituatur
1422 2790 1443 2815 1.
1514 2792 1538 2819 ³)
1559 2799 1602 2823 per
1622 2799 1666 2823 per
1687 2790 1708 2815 l.
1780 2790 1803 2816 b)
1824 2791 1870 2814 ali·

219 2843 282 2866 quos
303 2835 324 2859 l.
414 2834 436 2866 ιῑ)
456 2836 568 2867 suscepit
589 2835 609 2860 l.
698 2833 722 2865 ⁴¹)
744 2835 789 2859 LX
799 2835 847 2858 XV
867 2833 941 2859 1—3.
