2205 3072
157 765 178 782 10

159 1022 180 1040 15

158 1281 182 1297 21!

161 1801 185 1817 30

156 2321 180 2338 40

606 205 784 231 FR-IDERICI
805 207 822 232 1.
843 205 1162 232 eoNSTl'rUTIONES.
1202 207 1274 232 1177.
1312 207 1358 232 Nr.
1373 206 1431 232 2:350.
1779 206 1835 235 361

203 295 322 324 tenent.
354 295 384 321 et
410 298 518 322 cetera
542 292 612 322 loca
638 293 802 323 nominata
827 296 858 323 et
882 293 1080 323 innominata
1107 296 1139 323 et
1163 295 1287 323 ceteras
1312 303 1467 333 personas
1492 292 1673 323 nominatas
1696 295 1728 323 et
1747 292 1839 322 inno-

203 344 339 373 minatus
364 353 424 384 que
451 348 525 373 sunt
550 343 579 374 in
605 348 694 384 parte
713 344 929 384 imperatoris:
954 347 985 374 et
1011 344 1208 375 Societatem
1226 343 1490 377 Lombardorum.
1516 344 1640 374 scilieet
1657 343 1842 377 Venetiam,

205 394 395 427 Tarvisium,
420 394 575 425 Paduam.
602 395 813 426 Vineentiam.
838 394 1011 426 Veronam.
1038 395 1191 426 Brixiam.
1216 395 1405 431 Ferrariam,
1432 395 1607 427 Mantuam.
1633 395 1841 436 Bergamum.

205 445 362 478 Laud-am.
395 445 627 478 Mediolanum.
661 446 791 481 Cumas.
823 446 1006 476 Novariam.
1032 446 1211 477 Vercellas.
1242 446 1485 479 Alexandriam.
1516 447 1684 477 Cassinum
1710 451 1742 477 et
1766 446 1842 477 Bel-

205 500 358 535 montem7
393 497 601 528 Placentiam.
640 497 788 531 Bobium,
829 497 1006 539 Opieonem
1037 498 1262 539 Malaspinam.
1299 498 1459 532 Parmam,
1496 499 1643 539 Regium.
1677 498 1844 529 Mutinam.

204 548 382 579 Boloniam.
413 549 558 579 homines
590 549 629 579 de
660 549 779 580 Sancto
805 549 962 579 Cassiano
993 554 1023 579 et
1050 549 1193 581 Doeiam.
1224 553 1255 580 et
1287 554 1394 580 cetera
1424 550 1494 580 loe-a
1525 554 1556 580 et
1584 560 1741 590 personas
1773 550 1839 590 epi-

205 610 384 641 scoporum.
410 601 597 630 clericorum
624 604 655 630 et
680 601 831 630 laieorum
856 600 1060 638 Lombardie.
1087 600 1239 635 Mai-chio.
1266 601 1467 641 Romagnole
1493 612 1554 642 que
1581 605 1654 631 sunt
1678 602 1709 631 in
1728 601 1838 631 Socie-

205 655 270 682 tate
300 651 502 682 Lombardie.
537 663 606 682 eum
641 652 787 682 omnibus
820 662 880 692 que
912 651 1031 682 habent
1062 655 1092 682 et
1124 656 1244 683 tenent.
1278 656 1392 693 treuga
1423 653 1597 683 constituta
1626 657 1676 683 est
1708 652 1746 682 ab
1775 652 1843 682 istis

205 702 362 734 Kalendis
388 703 546 744 Αυὲςιιεῖί(1
573 714 673 744 usque
699 703 739 733 ad
764 702 809 733 VI
834 713 943 735 annos.
970 714 1031 744 que
1056 704 1100 733 sie
1126 703 1312 733 firmabitur.

309 756 337 784 2.
367 755 524 785 Dominus
558 756 733 796 imperator
762 755 858 785 faciet
891 755 986 785 iurari
1018 755 1046 784 in
1079 755 1185 785 anima
1218 765 1276 785 sua
1309 759 1339 785 et
1371 755 1455 785 tilius
1487 766 1563 785 suus
1596 755 1757 786 Henrieus
1787 766 1843 785 rex

206 806 352 836 similiter
383 811 414 836 et
446 807 609 848 principes
635 807 827 837 Alamannie
858 806 1017 839 iurabunt.
1049 807 1101 847 qui
1135 811 1303 848 presentes
1328 810 1410 840 sunt.
1441 812 1472 837 et
1497 806 1787 837 Guaseendonius¹
1814 810 1845 836 et

206 858 342 888 marcioe
367 857 597 888 Montisferrati
630 863 660 888 et
690 858 746 888 filii
778 858 825 888 sui
857 862 889 888 et
916 857 1117 888 marchiones
1149 857 1188 888 de
1214 857 1329 888 XVasto
1360 862 1392 888 et
1421 858 1459 888 de
1490 857 1606 891 Buseo.
1642 859 1775 889 comites
1809 857 1847 888 de

207 910 382 940 Blandrato
414 914 444 940 et
474 910 513 941 de
538 910 680 940 Lomello
709 917 739 939 et
770 910 916 940 eonsules
942 909 1100 940 Cremone
1135 914 1165 939 et
1190 910 1369 951 Papienses
1400 914 1431 940 et
1456 909 1620 940 eredentie
1646 910 1787 951 ipsorum
1813 912 1845 940 et

208 972 290 992 unus
316 962 347 992 in
373 962 498 1003 publica
525 962 672 992 contione
700 962 727 991 in
762 961 930 991 animabus
956 962 1065 1002 populi
1091 973 1131 991 ex
1164 961 1314 992 mandato
1344 961 1443 1002 ipsius
1469 961 1592 1002 populi:
1626 961 1709 991 idem
1734 961 1789 991 fiet
1813 961 1845 990 in

210 1013 280 1043 aliis
311 1013 493 1043 civitatibus
529 1023 590 1054 que
621 1020 694 1043 sunt
725 1024 765 1042 ex
794 1016 885 1053 parte
918 1013 1034 1043 domini
1066 1013 1282 1054 imperatoris:
1317 1012 1411 1048 Quod
1436 1013 1558 1043 seilicet
1582 1012 1666 1043 bona
1690 1012 1752 1043 fide
1778 1012 1846 1042 sine

206 1064 319 1095 fraude
349 1068 380 1095 et
409 1065 492 1095 malo
522 1065 649 1105 ingenio
675 1064 850 1106 {mala-tani
877 1072 1044 1105 treuguam
1072 1065 1290 1095 observabunt
1319 1065 1474 1106 predictis
1500 1064 1686 1095 civitatibus
1712 1070 1743 1095 et
1771 1064 1848 1094 loeis

208 1120 240 1147 et
264 1117 410 1158 personis
436 1117 607 1147 nominatis
632 1122 664 1147 et
688 1127 750 1146 nou
774 1117 945 1146 nominatis
971 1116 1113 1158 predict(—
1133 1117 1314 1148 Soeietatis,
1341 1117 1382 1147 ita
1402 1115 1485 1157 quod
1504 1126 1604 1156 usque
1624 1115 1663 1146 ad
1683 1115 1726 1146 Vl
1745 1126 1846 1146 annos

208 1179 271 1199 non
296 1168 461 1199 offendent
486 1178 540 1199 eos
566 1179 623 1209 per
648 1180 681 1198 se
708 1169 755 1198 vel
783 1180 838 1209 per
863 1169 942 1198 aliosv
969 1169 998 1198 in
1024 1169 1167 1210 personis
1195 1169 1241 1198 vel
1269 1168 1375 1199 rebus.
1400 1179 1478 1209 quas
1505 1168 1624 1198 habent
1651 1168 1700 1197 vel
1726 1172 1848 1198 tenent.

212 1220 436 1250 Continebitur
460 1220 555 1250 etiam
581 1220 610 1249 in
638 1220 827 1250 iuramento.
854 1220 936 1261 quod
964 1221 1108 1250 homines
1134 1221 1306 1251 &oderatis
1333 1225 1363 1250 et
1389 1231 1439 1249 res
1465 1230 1574 1249 eorum
1600 1220 1704 1249 seeuri
1731 1220 1793 1249 sint
1819 1220 1848 1249 in

211 1274 297 1302 terra
327 1272 545 1312 imperatoris,
581 1273 661 1301 sieut
696 1275 838 1312 tempore
869 1273 971 1313 pacis:
1008 1279 1039 1301 et
1069 1285 1084 1302 e
1121 1282 1276 1302 converso
1308 1271 1601 1302 Cremonensibusf
1630 1282 1756 1312 quoque
1792 1270 1848 1312 [et]

209 1323 448 1365 Papiensibusg
480 1328 510 1354 et
540 1324 610 1353 aliis
642 1324 825 1353 civitatibus
850 1324 927 1353 locis
953 1329 983 1353 et
1015 1323 1160 1364 personis
1186 1323 1225 1353 de
1251 1327 1341 1364 parto
1367 1324 1572 1364 imperatoris
1599 1322 1712 1353 eadem
1738 1323 1792 1352 fiet
1818 1327 1849 1353 et

210 1375 434 1405 observabitur
458 1375 612 1405 securitas
637 1386 655 1405 a
680 1375 841 1405 Soeietate
860 1375 1063 1405 Lembardie.
1112 1376 1223 1405 Seeuri
1248 1380 1356 1405 autem
1382 1382 1524 1416 temporo
1551 1375 1637 1416 paeis
1663 1375 1707 1405 sie
1725 1375 1843 1404 intelli—

211 1427 326 1467 gimus.
358 1431 393 1456 ut
425 1426 506 1457 bona
540 1426 599 1457 tide
633 1426 816 1457 abstineant
843 1427 1014 1468 imperator
1038 1432 1069 1457 et
1094 1428 1142 1457 sui
1168 1427 1207 1457 ab
1233 1427 1355 1457 iniuriis
1382 1437 1591 1467 personarum
1617 1426 1792 1456 Societatis
1820 1433 1850 1455 et

212 1478 371 1520 dampnoh
396 1489 516 1510 rerum;
543 1479 690 1509 similiter
714 1480 861 1509 Societas
887 1479 1061 1509 abstinebit
1086 1478 1124 1508 ab
1150 1479 1272 1509 iniuriis
1300 1489 1507 1520 personarum
1526 1482 1558 1508 et
1581 1478 1719 1520 dampno
1738 1488 1844 1508 rerum

213 1531 313 1572 partis
339 1530 455 1561 domini
482 1531 691 1571 imperatoris.
739 1530 894 1560 Similiter
927 1530 1072 1561 eonsules
1100 1530 1264 1560 civitatum
1291 1531 1461 1560 Societatis
1487 1535 1518 1560 et
1543 1529 1708 1560 eredentie
1735 1540 1845 1560 earum

213 1586 243 1612 et
268 1582 293 1612 L
318 1582 462 1613 homines
487 1582 634 1612 civitatis.
660 1583 689 1612 in
714 1593 777 1623 qua
802 1593 864 1612 nou
891 1588 984 1612 erunt
1009 1582 1181 1616 eredentie.
1208 1588 1238 1612 et
1264 1586 1444 1623 potestates
1470 1583 1647 1612 civitatum.
1679 1582 1710 1612 in
1734 1581 1851 1622 quibus

213 1644 274 1664 non
306 1638 398 1664 erunt
427 1634 587 1664 consules.
623 1638 653 1663 et
686 1644 766 1664 unus
797 1634 943 1664 similiter
973 1634 1002 1663 in
1029 1634 1135 1664 anima
1166 1633 1274 1674 populi
1307 1633 1462 1673 cuiusque
1494 1633 1650 1669 civitatis,
1686 1636 1718 1664 et
1750 1632 1851 1674 Opizo

212 1685 392 1727 Malaspina
417 1690 447 1715 et
464 1686 546 1715 filius
564 1686 632 1716 eius
651 1685 809 1715 iurabunt.
836 1696 869 1716 se
887 1685 1114 1716 observaturos
1132 1684 1307 1726 predictam
1327 1689 1497 1725 treuguam
1514 1684 1641 1715 domino
1666 1685 1851 1726 imperatori

212 1743 244 1768 et
269 1737 452 1767 civitatibus
477 1742 508 1767 et
533 1737 610 1766 loeis
639 1741 669 1767 et
694 1737 839 1778 personis
865 1747 926 1777 que
952 1742 1025 1767 sunt
1050 1747 1091 1767 ex
1115 1740 1205 1777 parte
1231 1736 1443 1777 imperatoris.

317 1789 345 1819 3.
377 1789 425 1819 Α(1
455 1789 717 1819 observationem
746 1792 852 1818 autem
887 1793 1022 1829 treugae
1054 1788 1093 1818 de
1125 1788 1259 1828 singulis
1285 1788 1470 1818 civitatibus
1500 1788 1666 1829 utriusque
1692 1788 1791 1829 partis
1818 1792 1849 1818 et

211 1840 250 1871 de
276 1844 359 1870 terra
384 1841 576 1870 marchionis
603 1840 834 1870 Montisferrati
860 1840 922 1870 (luo
947 1841 1117 1881 eligentur.
1143 1840 1196 1881 qui
1223 1839 1426 1870 iureiurando
1449 1839 1631 1876 firmabunt.
1656 1839 1740 1880 quod
1767 1839 1848 1869 bona

210 1891 272 1922 fide
297 1892 418 1922 dabunt
442 1903 572 1933 operam
598 1891 636 1922 ad
662 1891 895 1922 observandam
921 1897 1107 1932 treuguam;
1134 1896 1165 1921 et
1189 1892 1295 1932 siqua
1312 1891 1426 1921 civitas
1445 1890 1510 1921 vel¹
1535 1891 1625 1921 loeus
1644 1891 1694 1921 vel
1711 1901 1848 1932 persona

209 1943 387 1985 infregerit.
422 1944 503 1985 quod
534 1944 616 1973 bona
645 1943 707 1974 fide
739 1943 861 1974 dabunt
893 1954 1022 1984 operam
1052 1944 1217 1974 efficacem
1247 1943 1285 1973 ad
1316 1942 1551 1973 emendandam
1581 1942 1662 1972 infra
1686 1942 1745 1972 XL
1770 1942 1848 1972 dies.

210 1996 269 2026 nisi
303 2000 530 2037 prorogaretur
566 1995 603 2025 de
641 2005 800 2025 consensu
837 1995 986 2035 partium.
1041 1995 1224 2024 lui-amento
1258 1998 1366 2024 autem
1396 1994 1579 2024 consulum.
1612 1993 1848 2024 eredentiarum

175 2069 179 2078 .
210 2048 319 2089 populi
349 2052 381 2078 et
413 2051 608 2089 potestatum
639 2052 671 2077 et
695 2047 721 2076 L
746 2047 900 2077 bonorum
931 2047 1095 2077 hominum
1121 2047 1173 2087 qui
1203 2045 1362 2079 iurabant.
1395 2045 1613 2076 marchionum
1640 2049 1672 2075 et
1697 2045 1847 2075 comitum

209 2099 435 2133 continebitur.
460 2099 544 2140 quod
571 2099 653 2129 bona
679 2099 739 2129 fide
766 2104 797 2130 et
822 2099 996 2129 efficaciter
1022 2098 1176 2129 iuvabunt
1201 2098 1240 2128 ad
1266 2097 1348 2128 hock
1373 2098 1505 2134 eleetos,
1531 2102 1564 2127 ut
1583 2102 1719 2138 treugua
1737 2107 1846 2128 emen-

209 2150 303 2181 detur
327 2150 409 2181 infra
434 2150 653 2191 prestitutum¹
678 2154 816 2191 tempus.

313 2205 339 2232 ⁴.
366 2202 400 2233 Si
425 2203 607 2242 eontigerit.
633 2201 717 2243 quod
742 2202 848 2242 aliqua
873 2201 1088 2242 predictarum
1114 2202 1277 2232 civitatum
1303 2202 1352 2232 vel
1382 2201 1522 2232 loeorum
1548 2201 1598 2231 vel
1625 2210 1847 2241 personarum.

208 2265 269 2295 que
296 2258 369 2284 sunt
395 2265 435 2284 ex
461 2258 550 2294 parte
577 2253 759 2287 SoeietatiS.
791 2252 962 2283 offenderit
992 2253 1131 2294 aliquam
1164 2254 1336 2287 civitatem,
1368 2254 1474 2283 locum
1500 2252 1548 2282 vel
1574 2262 1755 2293 personam.
1789 2262 1850 2292 que

209 2311 282 2336 sunt
307 2317 347 2336 ex
372 2308 464 2347 parte
491 2305 705 2346 imperatoris.
731 2307 763 2335 et
787 2315 847 2334 non
873 2304 969 2334 fuerit
996 2305 1203 2335 emendatum
1228 2316 1284 2346 per
1309 2308 1515 2345 treuguanos.
1542 2304 1594 2344 qui
1617 2303 1656 2333 ad
1675 2303 1734 2333 hoe
1753 2303 1849 2333 electi

210 2361 293 2395 sunt.
319 2358 492 2398 imperator
516 2357 564 2387 vel
590 2357 654 2388 alii,
680 2356 732 2397 qui
758 2359 831 2386 sunt
855 2367 895 2386 ex
920 2360 1010 2397 parte
1036 2367 1102 2389 sua.
1129 2367 1191 2386 non
1217 2360 1389 2398 propterea
1413 2356 1563 2396 frangant
1588 2358 1766 2396 treuguam.
1793 2354 1849 2385 sed

209 2410 357 2440 civitates
383 2409 556 2439 Societatis
581 2412 613 2439 et
637 2408 689 2438 alii
714 2408 752 2438 de
772 2408 936 2439 Societate
961 2413 1082 2449 ponant
1107 2420 1177 2440 eam
1204 2409 1262 2439 sub
1281 2409 1385 2439 banno
1403 2409 1494 2438 iuxta
1511 2407 1678 2437 arbitrium
1697 2410 1848 2447 treugua-

209 2471 333 2492 norum.
387 2460 420 2491 Si
455 2471 530 2491 vero
567 2460 680 2490 eivitas
714 2460 804 2490 loeus
835 2460 885 2490 vel
917 2470 1055 2501 persona
1080 2471 1121 2491 ex
1151 2464 1242 2501 parte
1269 2460 1470 2501 imperatoris
1495 2458 1628 2499 fregerit
1653 2461 1850 2498 treuguam¹¹¹

209 2512 364 2543 adversus
395 2513 556 2543 civitatem
583 2512 632 2542 vel
664 2512 769 2541 locum
795 2511 843 2541 vel
872 2521 1027 2552 personas
1054 2512 1241 2542 Soeietatis.
1277 2522 1339 2542 non
1364 2511 1404 2541 ob
1431 2511 1487 2540 hoe
1512 2514 1649 2550 treugua
1673 2510 1850 2550 frangatur.

175 2581 181 2591 τ
212 2564 269 2595 sed
293 2563 439 2594 similiter
463 2563 698 2594 emendabitur.
746 2563 779 2593 Si
806 2573 880 2592 vero
908 2562 1017 2603 aliqua
1042 2563 1156 2594 civitas
1182 2563 1366 2597 Soeietatis,
1398 2563 1486 2592 loeus
1513 2561 1561 2591 vel
1586 2571 1724 2602 persona
1749 2562 1850 2592 offen-

311 2666 376 2692 259.
402 2666 426 2696 (1)
444 2668 495 2697 aug*
518 2667 535 2691 1.
626 2672 647 2688 ssl
670 2675 753 2690 marco
773 2676 838 2690 corr.
859 2668 951 2691 marcio
972 2667 993 2691 1.
1078 2666 1099 2693 s)
1119 2660 1244 2691 Cremons‘
1261 2666 1284 2696 l;
1306 2668 1487 2690 Cremonenses
1510 2664 1546 2688 l‘.
1618 2666 1642 2689 hil
1663 2665 1758 2696 l'apiess
1775 2665 1794 2689 1.
1812 2665 1850 2689 l'.

209 2710 233 2739 ¹¹)
253 2711 391 2742 dampnum
413 2710 433 2734 l.
457 2710 492 2733 l‘.
601 2715 615 2735 ¹]
637 2710 671 2733 sic
692 2709 733 2738 l·;
765 2709 832 2733 deest
854 2709 875 2734 1.
980 2708 1005 2740 k)
1024 2709 1047 2733 h'
1070 2710 1094 2740 l;
1124 2710 1170 2734 hee
1191 2709 1226 2733 l',
1334 2707 1351 2738 ¹)
1376 2708 1508 2740 prestitum
1535 2706 1571 2730 l’.
1678 2711 1708 2737 ¹¹¹)
1729 2708 1802 2739 treug
1824 2707 1850 2737 l;

209 2758 326 2786 treugam
347 2752 385 2777 1‘.

314 2830 338 2862 1)
359 2829 440 2861 Vulyo
461 2827 663 2853 Gra-semlanins
681 2828 778 2860 dietus,
798 2829 936 2861 episcopas·
958 2828 1139 2854 fllantwmzts.

312 2894 348 2910 ιι.
370 2892 583 2911 [zonsTiTUTioNrs
605 2893 620 2909 ι.
1615 2882 1648 2907 45
