2205 3072
226 1088 276 1109 Mai.
287 1089 318 1107 27.

235 1126 276 1147 Iul.
287 1128 319 1146 ⁸25.

220 1155 275 1177 Augu
288 1154 318 1171 151.

325 168 386 198 288
403 165 409 170 ’
736 163 917 190 FRIDERICI
938 164 957 190 Ι.
976 163 1299 189 CONSTITUTIONES.
1338 163 1410 188 1162.
1438 162 1485 187 Nr.
1498 161 1558 187 ⁴206.

329 253 398 283 cius
424 256 489 282 tam
514 252 596 282 infra
620 250 785 281 civitatem
810 260 906 291 quam
931 254 1023 280 extra
1047 260 1102 291 per
1120 253 1223 279 totum
1241 249 1463 290 episcopatum
1482 251 1513 278 et
1530 247 1725 278 comitatum.
1750 246 1776 276 si
1794 245 1966 287 episcopus

327 305 417 334 iuxta
448 303 686 344 beneplacitum
721 301 829 332 domni
860 301 1064 342 imperatoris
1100 305 1132 331 ct
1162 301 1328 331 eonsilium
1358 300 1539 340 principum
1571 299 1602 329 in
1633 297 1770 339 gratiam
1804 297 1873 327 eius
1905 307 1968 327 non

326 354 458 386 redierit
491 366 509 384 a
539 354 687 396 proxima
720 353 878 383 dominica
910 363 1011 394 usque
1036 352 1074 383 ad
1098 351 1181 382 VIII
1206 351 1285 382 dies.
1334 351 1374 381 Et
1404 352 1428 381 si
1459 351 1491 381 in
1516 350 1574 381 hoc
1598 350 1684 380 facto
1709 349 1823 390 aliquis
1849 348 1965 379 domno

328 406 528 448 imper[atori
553 410 584 436 et
601 404 835 446 Placj³entinis
860 405 1038 435 contrarius
1064 405 1114 434 vel
1138 403 1268 434 rebellis
1286 403 1437 437 extiterit,
1462 402 1641 433 Placentini
1666 401 1756 431 iuxta
1779 400 1965 430 mandatum

328 458 436 488 domni
468 457 672 498 imperatoris
701 460 733 487 et
764 456 944 497 legatorum
975 466 1101 485 suorum
1132 465 1202 485 cum
1229 454 1313 484 omni
1343 454 1436 484 fortia
1462 464 1519 484 sua
1543 453 1662 483 facient
1685 452 1791 482 vivam
1815 461 1965 492 guerram

329 514 360 540 et
389 509 600 545 obsidionem,
633 518 798 549 quousque
823 507 958 538 domnus
988 508 1163 548 imperator
1189 505 1325 536 castella
1351 505 1494 547 episcopi
1520 509 1552 535 et
1576 504 1801 546 possessiones
1827 506 1858 534 et
1883 502 1970 533 bona

327 561 426 591 libere
457 563 488 591 et
519 560 626 601 quiete
656 559 831 601 possideat.
884 558 976 594 Quod
1007 559 1032 588 si
1057 558 1226 599 episcopus
1254 557 1336 587 infra
1367 556 1545 598 predictum
1571 556 1743 587 terminum
1767 554 1807 585 ad
1833 554 1970 595 gratiam

331 613 533 654 imperatoris
558 623 621 642 non
647 611 787 649 redierit,
812 611 993 641 Placentini
1018 609 1151 651 eic[ient
1176 619 1248 640 eum
1274 607 1401 650 extraJ³
1425 609 1649 650 episcopatum
1679 618 1772 637 suum
1796 617 1855 637 nee
1880 606 1970 636 dein-

329 676 405 706 ceps
440 675 513 695 eum
546 663 703 704 recipient
736 662 803 693 sine
838 662 992 703 parabola
1027 661 1134 692 domni
1171 661 1386 702 imperatoris.
1439 660 1480 690 Et
1509 659 1644 690 domnus
1677 659 1852 700 imperator
1882 657 1970 688 dabit

329 717 481 758 episcopo
507 719 538 747 et
560 715 716 757 personis,
741 725 802 756 que
820 725 891 745 culn
909 724 946 744 eo
965 714 1070 749 ierint,
1098 711 1175 755 [et]¹⁵
1200 712 1348 743 omnibus
1367 711 1461 742 rebus
1481 721 1591 742 eorum
1610 721 1759 741 securum
1776 709 1968 740 conductum

329 780 347 798 a
372 768 540 799 Placentia
569 777 670 808 usque
696 766 854 797 Venetias
883 766 933 796 vel
965 775 1064 805 usque
1090 764 1222 794 lanuam
1250 763 1299 793 vcl
1328 773 1429 804 usque
1460 763 1490 793 in
1523 772 1657 803 regnum
1682 761 1885 792 Frankorum
1917 771 1972 802 per

331 820 451 850 dictam
476 830 582 855 unam,
608 828 809 859 quacumque
835 818 884 848 via
909 818 953 847 ire
980 816 1139 846 voluerint
1163 826 1220 856 per
1245 815 1372 845 fortiam
1397 814 1517 844 domini
1542 813 1758 854 imperatoris.

435 873 463 901 6.
488 870 668 901 Placentini
696 869 879 910 persolvent
903 868 1020 898 domno
1045 867 1230 908 imperatori
1254 870 1285 897 ct
1309 866 1423 896 domne
1442 865 1638 907 imperatrici
1657 868 1688 895 et
1704 864 1791 895 curie
1809 863 1855 893 VI
1872 863 1973 894 millia

334 933 513 952 marearum
538 922 713 952 examinati
739 924 771 951 et
794 921 865 962 puri
889 919 1015 960 argenti
1041 919 1090 949 vel
1122 929 1176 959 pro
1201 928 1393 958 unaquaque
1419 928 1525 947 marca
1548 916 1615 946 IIII
1640 916 1739 946 libras
1764 915 1972 957 Papiensium

332 974 534 1004 denariorum
566 973 617 1004 vel
646 977 769 1003 tantum
800 972 838 1002 de
868 972 930 1002 alia
962 974 1092 1001 moneta
1123 969 1206 1000 unde
1237 970 1339 1011 possit
1363 969 1425 999 emi
1450 979 1558 999 marea
1582 968 1651 1010 puri
1676 968 1801 1009 argenti
1827 967 1877 997 vel
1903 966 1969 997 IIII

332 1025 412 1055 libre
436 1025 661 1066 Papiensium,
694 1025 738 1054 ita
770 1027 803 1054 ut
834 1034 942 1053 eorum
974 1023 1014 1053 sit
1045 1022 1168 1052 electio.
1220 1021 1312 1051 Hanc
1344 1020 1513 1061 pecuniam
1545 1019 1732 1061 persolvent
1757 1019 1884 1049 statutis
1909 1021 1972 1049 ter-

334 1076 439 1113 minis,
473 1076 622 1107 videlieet
652 1075 684 1106 ΙΙ
709 1076 809 1105 millia
838 1085 1018 1105 marearum
1049 1078 1121 1104 ante
1151 1073 1235 1103 diem
1266 1076 1482 1113 pentecostes,
1518 1071 1549 1101 II
1575 1071 1673 1101 millia
1703 1071 1732 1101 in
1763 1071 1846 1101 festo
1872 1070 1974 1101 sancti

335 1127 444 1158 Iacobi
470 1127 614 1169 apostoli,
640 1127 673 1157 II
697 1127 797 1157 millia
821 1127 851 1156 in
874 1125 1092 1166 assumptione
1117 1128 1226 1154 sancte
1244 1123 1352 1159 Mario,
1379 1123 1404 1152 si
1429 1133 1489 1153 non
1508 1123 1698 1153 remanserit
1713 1133 1770 1164 per
1787 1122 1974 1163 parabolam

334 1179 451 1209 domini
478 1180 692 1220 imperatoris.

438 1232 465 1261 7.
491 1231 573 1261 Item
606 1231 787 1261 Placentini
816 1230 974 1271 recipient
1006 1232 1198 1270 potestatem
1230 1228 1279 1258 vel
1312 1230 1504 1269 potestates,
1535 1237 1628 1268 quem
1654 1226 1705 1257 vel
1735 1237 1813 1267 quos
1839 1225 1974 1256 domnus

334 1283 507 1324 imperator
531 1283 651 1313 ibidem
678 1282 826 1313 ordinare
852 1281 996 1315 voluerit,
1022 1281 1088 1311 sive
1114 1280 1309 1310 Teutonicos
1335 1279 1402 1309 sive
1429 1278 1636 1315 Lombardos,
1663 1282 1694 1308 et
1719 1278 1868 1308 iurabunt
1891 1281 1976 1308 stare

334 1334 372 1364 ad
400 1334 583 1364 mandatum
610 1334 693 1364 illius
719 1334 769 1364 vel
794 1334 920 1363 illorum
945 1336 977 1362 et
1001 1332 1040 1362 ad
1066 1331 1250 1361 mandatum
1276 1331 1395 1361 domini
1421 1330 1633 1371 imperatoris.

437 1387 463 1416 S,
491 1386 635 1416 Domnus
660 1387 832 1426 imperator
857 1387 967 1414 cernet
993 1394 1048 1424 per
1073 1393 1162 1412 suam
1189 1383 1382 1412 electionem
1407 1382 1599 1422 quingentos
1624 1381 1769 1417 obsides,
1795 1384 1827 1411 ct
1851 1380 1889 1410 de
1916 1379 1978 1410 illis

335 1438 457 1468 dabunt
481 1438 660 1468 Placentini
686 1438 801 1467 domno
832 1436 1017 1477 imperatori
1043 1434 1143 1468 LXX,
1175 1445 1394 1475 quoscumque
1424 1434 1492 1475 ipse
1518 1433 1667 1474 clegerit3
1700 1437 1731 1464 et
1759 1433 1828 1463 illos
1854 1432 1978 1463 tenebit

335 1489 471 1519 domnus
497 1490 671 1530 imperator
700 1500 755 1530 per
786 1489 833 1519 Ill
863 1499 1004 1519 menses:
1035 1488 1132 1517 finitis
1158 1487 1207 1516 ΙΙΙ
1234 1487 1398 1516 mensibus
1423 1486 1559 1516 domnus
1591 1487 1763 1527 imperator
1787 1489 1898 1516 cernet
1919 1495 1977 1526 per

336 1552 425 1571 suam
458 1541 650 1572 electionem
681 1542 760 1571 alios
793 1540 882 1570 LXX
914 1539 1042 1570 obsides
1073 1543 1105 1569 et
1136 1539 1208 1568 illos
1241 1538 1363 1568 tenebit
1393 1549 1449 1579 per
1478 1538 1558 1568 alios
1589 1542 1653 1568 tres
1686 1548 1829 1570 menses:
1861 1537 1977 1578 quibus

338 1593 443 1629 finitis,
475 1598 584 1623 cernet
613 1594 692 1623 alios
718 1592 822 1623 LXX:
855 1597 886 1621 ct
915 1602 971 1632 per
1003 1590 1183 1621 huiusmodi
1213 1591 1434 1620 successiones
1465 1590 1670 1620 terminorum
1701 1590 1824 1620 tenebit
1847 1589 1978 1620 obsides

337 1645 473 1675 domnus
505 1646 686 1686 imperator,
720 1644 821 1674 donec.
853 1644 1003 1673 universa
1033 1642 1168 1683 pecunia
1194 1642 1299 1671 soluta
1324 1642 1419 1671 fuerit
1445 1646 1475 1672 et
1500 1641 1602 1671 donee
1629 1642 1752 1672 fossata
1777 1642 1980 1682 complanata

338 1697 456 1727 fuerint
488 1702 519 1727 et
550 1697 629 1727 muri
660 1697 803 1726 funditus
833 1696 999 1726 destructi.
1035 1695 1123 1724 iuxta
1155 1694 1353 1724 voluntatem
1380 1697 1411 1723 ct
1436 1694 1621 1723 mandatum
1646 1694 1750 1724 domni
1776 1694 1978 1734 imperatoris

339 1752 370 1778 et
395 1749 573 1788 legatorum
606 1759 734 1778 suorum
766 1759 823 1789 per
853 1758 932 1788 quos
963 1747 1097 1776 domnus
1129 1747 1300 1786 imperator
1326 1745 1441 1775 viderit
1471 1757 1526 1775 eos
1561 1756 1656 1787 posse
1681 1746 1798 1775 faeere.
1847 1745 1880 1775 Si
1905 1745 1976 1785 quis

339 1799 545 1830 Placentinus
582 1800 671 1830 iuxta
704 1800 895 1830 electionem
930 1798 1037 1828 domni
1071 1798 1271 1839 imperatoris
1308 1797 1404 1827 obses
1438 1808 1510 1828 esse
1546 1798 1685 1827 noluerit
1717 1801 1748 1827 ct
1781 1797 1979 1833 refutaverit,

339 1851 531 1892 distringent
556 1862 628 1882 eum
654 1852 743 1881 iuxta
768 1862 878 1881 corum
904 1861 1014 1891 posse:
1039 1850 1123 1890 qued
1148 1850 1173 1879 si
1199 1849 1391 1890 distringere
1417 1860 1489 1879 eum
1510 1860 1570 1879 non
1596 1849 1744 1890 poterint,
1770 1849 1888 1879 eicient
1907 1859 1980 1879 eum

341 1906 431 1933 extra
457 1904 619 1934 civitatem
645 1908 675 1934 et
699 1904 922 1945 episcopatum
953 1907 984 1932 et
1008 1903 1114 1932 omnia
1141 1902 1222 1932 bona
1247 1912 1319 1934 sua,
1351 1906 1415 1931 tam
1442 1901 1573 1931 mobilia
1598 1912 1690 1942 quam
1716 1900 1873 1936 imobilia,
1903 1901 1980 1930 fisco

340 1956 562 1997 applicabunt,
603 1961 634 1986 et
669 1956 805 1986 domnus
842 1956 1014 1996 imperator
1049 1955 1146 1985 alium
1184 1954 1298 1994 eliget,
1334 1963 1569 1994 quemcumque
1606 1953 1752 1983 voluerit.
1806 1952 1980 1993 Postquam

341 2013 448 2038 autem
479 2009 629 2038 universa
659 2008 795 2049 pecunia
826 2008 930 2037 soluta
959 2006 1054 2037 fuerit
1084 2010 1115 2035 et
1140 2006 1261 2035 fossata
1294 2005 1498 2045 complanata
1529 2008 1560 2034 et
1592 2005 1672 2034 muri
1696 2004 1815 2034 fuerint
1839 2003 1980 2034 funditus

342 2060 508 2095 destructi,
534 2060 668 2090 domnus
694 2061 868 2101 imperator
893 2064 967 2089 tnnc
992 2068 1100 2087 omncs
1126 2057 1253 2087 obsides
1281 2057 1418 2097 benigne
1444 2056 1602 2087 absolvet.

445 2114 473 2142 9.
504 2112 536 2141 Si
562 2112 674 2141 Amizo
701 2111 801 2141 Saceo
828 2111 1016 2140 Amizonem
1048 2108 1206 2138 Bataliam
1237 2108 1285 2138 vel
1319 2108 1444 2148 aliquos
1475 2108 1553 2138 alios
1583 2107 1786 2148 appelaverit
1818 2107 1857 2137 (10
1882 2110 1982 2137 morte

342 2164 478 2194 filiorum
503 2174 641 2199 suorum,
666 2167 697 2193 et
722 2163 766 2192 illi
792 2162 830 2192 ad
856 2163 976 2192 curiam
1002 2161 1111 2191 venire
1137 2160 1297 2190 noluerint
1322 2159 1436 2189 facturi
1462 2163 1493 2190 ct
1519 2159 1677 2200 recepturi
1694 2159 1863 2195 iusticiam,
1890 2162 1984 2189 erunt

343 2215 373 2245 in
404 2216 508 2245 banno
539 2215 644 2245 domni
677 2214 877 2255 imperatoris
908 2220 939 2244 et
963 2212 1141 2243 Placentini
1168 2222 1223 2242 eos
1255 2211 1371 2241 eicient
1395 2216 1487 2241 extra
1512 2211 1675 2241 civitatem
1701 2214 1732 2241 et
1758 2210 1979 2252 episcopatum

344 2278 453 2297 eorum
479 2272 509 2297 et
533 2270 769 2307 persequentur
793 2277 846 2296 eos
873 2270 1035 2306 tamquam
1062 2264 1179 2296 hostes.
1206 2268 1237 2293 et
1263 2265 1369 2293 omnia
1395 2263 1478 2293 bona
1503 2273 1611 2292 eorum
1638 2262 1769 2292 mobilia
1794 2266 1825 2292 et
1843 2261 1983 2292 imobilia

344 2319 421 2349 fisco
446 2318 703 2359 applicabuntur.

452 2373 497 2400 10.
524 2370 702 2399 Placentini
728 2370 846 2399 facient
872 2379 983 2409 pacem
1009 2373 1041 2398 et
1058 2378 1219 2408 guerram.
1244 2367 1439 2407 ubicumque
1457 2366 1629 2407 imperator
1646 2365 1791 2397 voluerit,
1818 2369 1849 2395 et
1866 2365 1985 2395 facient

345 2423 469 2452 hostem
496 2426 527 2451 et
552 2421 751 2451 obsidionem
777 2431 832 2461 per
856 2419 1082 2450 Lombardiam
1109 2419 1198 2448 iuxta
1224 2418 1406 2448 mandatum
1431 2417 1550 2447 domini
1575 2417 1786 2458 imperatoris.

454 2476 497 2503 11.
524 2473 712 2514 Prepesitus
738 2473 865 2502 maioris
890 2472 1026 2501 ecclesie
1052 2472 1082 2501 111
1101 2470 1266 2500 Placentia
1292 2476 1323 2500 et
1347 2470 1466 2500 milites
1493 2474 1523 2499 et
1548 2468 1674 2509 pedites
1699 2469 1764 2498 sive
1790 2468 1983 2508 quicumque

347 2525 464 2555 fuerint
495 2535 603 2555 seeum
637 2525 666 2554 111
700 2525 833 2554 consilio
866 2529 896 2553 et
921 2523 1054 2555 auxilio,
1085 2527 1119 2552 ut
1144 2523 1334 2563 spoliaretur
1359 2522 1528 2562 episcopus
1554 2520 1766 2552 Tusculanus,
1792 2519 1928 2560 pecunia
1954 2521 1985 2548 et

347 2577 443 2606 rebus
470 2576 534 2606 suis
559 2576 709 2605 universa
733 2575 841 2605 ablata.
867 2574 1001 2604 reddent
1025 2574 1055 2603 111
1081 2574 1241 2613 integrum
1267 2573 1382 2603 domno
1405 2573 1599 2613 imperatori,
1625 2572 1843 2611 unusquisque
1870 2581 1926 2611 per
1950 2581 1984 2600 se

348 2632 470 2658 tantum
496 2632 650 2668 quantum
677 2627 715 2657 (10
742 2627 853 2668 rapina
877 2626 931 2656 illa
948 2626 1069 2660 habuit,
1095 2626 1138 2654 ita
1154 2625 1236 2665 quod
1256 2625 1421 2655 evidenter
1439 2635 1472 2654 se
1491 2634 1629 2665 purgare
1647 2623 1751 2664 possit
1769 2622 1985 2655 iureiurando,

349 2680 497 2720 similes
527 2683 585 2713 est,
616 2679 642 2708 si
673 2682 778 2708 autom
811 2677 910 2718 pedes
942 2680 1000 2711 cst,
1032 2677 1122 2706 iuxta
1151 2676 1256 2714 legem
1288 2675 1483 2706 condicionis
1514 2685 1570 2705 suc
1596 2674 1794 2715 purgabitur.
1841 2673 1934 2708 Quod
1960 2674 1985 2703 si

348 2732 455 2761 ‹;›l)lata
491 2731 659 2761 restituere
697 2729 869 2763 noluerint,
906 2728 1086 2758 Placentini
1122 2728 1250 2767 capient
1288 2738 1458 2768 personam
1495 2726 1649 2767 prepositi
1687 2730 1719 2756 et
1754 2725 1987 2766 presentabunt

349 2783 464 2813 domno
494 2782 678 2823 imperatori
704 2785 735 2812 ct
760 2781 864 2811 omnia
889 2781 972 2811 bona
997 2790 1054 2810 sua
1078 2782 1110 2809 ct
1135 2779 1253 2810 eicient
1278 2790 1388 2809 omncs
1414 2779 1493 2809 alias
1524 2788 1677 2820 personas
1703 2781 1796 2807 extra
1821 2777 1984 2807 civitatem
2012 2799 2018 2805 1

2000 721 2022 738 10

1999 978 2022 996 15

2003 1235 2027 1253 20

2005 1497 2028 1515 25

2005 1759 2029 1776 250

2008 2016 2032 2035 35

2010 2273 2035 2291 40

2012 2534 2036 2552 45
