2205 3072
346 148 419 177 430,
748 143 929 170 FRIDERICI
948 143 968 169 Ι.
988 142 1309 169 CONSTJTUTIONES.
1347 142 1421 167 1185.
1458 141 1506 167 Nr.
1519 142 1579 167 303.

346 233 424 263 siam
449 231 726 262 Mediolanensem
752 234 783 261 et
800 230 1060 261 Mediolanenses
1086 232 1295 260 manutenere
1321 238 1432 258 omnes
1449 227 1683 268 possessiones,
1709 238 1787 268 quas
1811 228 1932 259 habent
1954 232 1986 259 et

345 283 523 325 possident,
549 286 580 313 et
604 283 673 312 iura
698 283 814 321 omnia,
832 283 979 314 iusticias
997 286 1028 313 et
1045 282 1195 319 rationes,
1221 292 1299 322 quas
1316 280 1448 311 habent.
1488 279 1522 311 Si
1539 290 1617 320 quas
1636 279 1732 310 etiam
1751 280 1985 320 possessiones.

346 337 424 374 iura,
449 335 586 365 iustitias
611 338 643 365 et
667 335 805 365 rationes
830 335 1007 373 amiserint,
1032 334 1256 365 adiuvabimus
1280 343 1335 363 eos
1355 332 1439 363 bona
1455 331 1517 362 fide
1535 341 1738 372 recuperare.
1784 331 1850 362 Eas
1877 336 1985 363 autem

346 387 579 429 possessiones,
613 387 691 423 iura,
724 387 862 417 iustitias
895 390 927 417 et
958 387 1099 417 rationes
1132 385 1350 425 intelligimus.
1384 393 1462 425 quas
1494 382 1618 413 habent
1645 383 1676 413 in
1702 383 1986 425 archiepiscopatu

347 438 583 470 Mediolanensi
607 439 673 469 sive
697 438 727 468 in
753 438 960 469 eomitatibus
983 438 1135 480 predictis
1160 441 1192 468 et
1216 437 1247 467 in
1272 436 1349 466 locis
1374 438 1467 466 extra
1491 434 1670 472 comitatus,
1694 434 1888 476 ubicumque
1914 436 1986 469 sint.
2028 443 2038 460 ⁵

346 494 457 521 eontra
481 500 592 520 omnes
611 489 756 520 homines
776 493 808 520 et
825 489 971 520 civitates
990 493 1022 519 et
1037 489 1110 519 loca
1126 487 1331 526 Lombardie,
1357 486 1502 517 Marehie
1520 490 1552 518 et
1569 486 1773 518 Romaniole.
1812 486 1860 517 Eo
1879 490 1986 518 tamen

347 545 471 575 tenore,
495 545 530 572 ut
553 551 610 571 nos
635 552 691 582 pro
718 541 852 582 speciali
876 541 1005 581 negotio
1026 540 1235 582 Papiensium
1261 550 1323 569 non
1347 538 1502 569 faciamus
1520 549 1670 579 guerram
1689 538 1986 570 Mediolanensibus

346 604 404 624 nec
429 604 486 635 pro
511 593 642 634 speciali
673 593 802 633 negotio
826 592 1117 623 Mediolanensium
1146 594 1316 622 teneamur
1340 590 1448 621 facere
1473 600 1623 631 guerram
1647 589 1876 631 Papiensibus.
1923 591 1987 622 Sed

345 645 369 675 si
394 645 501 686 aliqua
525 645 562 675 lis
588 645 670 675 inter
694 654 748 674 eos
773 647 843 674 orta
866 644 973 681 fuerit,
1003 654 1060 674 nos
1084 643 1168 673 bona
1192 643 1254 673 fide
1279 646 1388 684 partes
1413 646 1540 673 nostras
1566 642 1810 684 interponemus
1835 642 1874 673 ad
1899 653 1985 674 eom-

346 697 528 739 ponendum
558 697 607 726 vel
637 696 676 726 ad
702 696 855 727 iustitiam
885 696 1077 726 faciendam.
1126 695 1158 725 Si
1184 705 1258 725 vero
1284 694 1464 736 Papienses
1488 693 1664 735 adiungent
1688 704 1721 724 se
1744 694 1839 725 alicui
1865 695 1986 726 civitati

347 749 396 780 vel
420 759 559 790 persone
583 748 622 778 ad
648 758 798 789 guerram
822 747 1003 778 faciendam
1028 746 1335 783 Mediolanensibus,
1367 756 1425 776 nos
1450 749 1620 776 teneamur
1643 745 1906 777 Mediolanenses
1931 747 1987 778 ad-

347 801 468 836 iuvare,
494 800 575 831 sieut
600 810 697 841 supra
723 799 911 830 continetur.
958 798 1001 829 Et
1019 809 1130 829 omnes
1148 799 1374 829 concessiones
1392 808 1450 828 seu
1466 798 1698 839 permissiones
1716 798 1800 837 illas,
1825 809 1886 840 que
1904 799 1988 830 facte

347 856 421 883 sunt
444 852 475 882 in
500 856 613 883 tenore
638 852 725 893 pacis
751 852 818 882 sine
844 862 942 882 censu
967 855 998 882 ct
1022 862 1099 892 quas
1117 851 1210 882 modo
1228 851 1362 881 facimus
1380 861 1436 892 pro
1455 861 1564 883 censu.
1589 861 1661 881 cum
1678 851 1801 881 iustitia
1817 855 1848 882 et
1865 852 1989 882 ratione

347 905 393 935 eis
419 904 711 935 manutenebimus.
757 903 799 934 Et
823 903 908 944 quod
931 914 989 934 nos
1014 914 1077 934 non
1102 904 1258 933 faciemus
1284 902 1456 944 specialem
1481 902 1670 933 societatem
1695 913 1766 932 cum
1788 903 1895 944 aliqua
1911 903 1988 934 eivi-

347 960 424 994 tate,
448 956 519 986 loeo
545 956 595 986 vel
619 966 767 997 persona,
793 966 854 996 qne
880 956 920 985 sit
944 955 983 986 de
1000 954 1208 989 Lombardia,
1234 954 1379 985 Marehia
1397 954 1446 984 vel
1463 953 1664 990 Romaniola,
1690 954 1814 995 absque
1831 965 1987 986 consensu
2030 963 2040 981 5

347 1008 513 1039 consulum
538 1008 838 1045 Mediolanensium,
869 1007 920 1038 vel
950 1007 1077 1038 maioris
1110 1007 1208 1048 partis
1240 1007 1290 1037 vel
1315 1006 1467 1036 omnium.
1514 1005 1603 1036 Idem
1627 1006 1725 1036 etiam
1751 1010 1990 1038 sacramentum

347 1060 502 1091 faciemus
538 1063 683 1101 prestare
720 1070 831 1100 regem
864 1058 1042 1089 Henricum
1075 1058 1177 1088 filium
1210 1062 1353 1088 nostrum
1387 1057 1419 1087 in
1451 1057 1556 1088 anima
1591 1067 1649 1088 sua
1682 1061 1715 1088 et
1747 1058 1901 1099 parabola
1933 1069 1991 1089 sua

348 1112 526 1142 faciendum
551 1112 591 1142 ad
615 1112 798 1147 terminum,
823 1121 917 1152 quem
943 1110 1091 1141 eonsules
1110 1109 1283 1140 Mediolani
1309 1120 1380 1140 cum
1399 1109 1531 1140 consilio
1549 1108 1713 1140 credentie
1732 1110 1823 1140 nobis
1839 1109 1989 1142 dixerint.

348 1164 396 1205 17)
420 1164 505 1194 Item
529 1163 613 1194 idem
638 1163 796 1194 Rudolfus
821 1163 1038 1204 suprascripto
1063 1161 1156 1192 modo
1182 1162 1338 1203 parabola
1363 1164 1473 1192 nostra
1497 1161 1622 1196 iuravit,
1648 1161 1732 1202 quod
1750 1172 1808 1192 nos
1825 1162 1910 1193 bona
1926 1162 1990 1194 fide

348 1219 380 1245 et
409 1216 476 1246 sine
510 1215 622 1246 fraude
655 1215 803 1246 dabimus
833 1225 974 1256 operam,
1010 1218 1045 1244 ut
1070 1214 1188 1245 Crema
1218 1214 1344 1254 integre
1377 1212 1582 1244 reedifieetur
1610 1212 1649 1243 ad
1682 1214 1862 1246 terminum.
1894 1225 1989 1256 quem

347 1267 495 1298 consules
524 1267 699 1298 Mediolani
732 1278 803 1298 cum
834 1267 969 1297 consilio
1001 1265 1165 1297 credentie
1199 1276 1255 1296 sue
1281 1265 1373 1296 nobis
1398 1264 1554 1299 dixerint,
1584 1275 1655 1295 cum
1688 1275 1726 1295 ea
1751 1266 1866 1296 virtute
1896 1276 1991 1307 quam

348 1319 504 1350 habemus
540 1320 570 1349 in
600 1319 806 1355 Lombardia,
842 1319 986 1350 Marchia
1019 1322 1050 1349 et
1079 1317 1278 1348 Romaniola.
1325 1317 1483 1347 Dabimus
1508 1320 1616 1347 autem
1642 1326 1772 1358 operam
1798 1317 1857 1347 hoe
1882 1317 1991 1348 modo:

348 1371 591 1409 commonendo,
617 1371 807 1407 exortando,
839 1370 1045 1412 precipiendo
1070 1370 1227 1411 personis.
1258 1369 1443 1400 civitatibus
1469 1373 1501 1400 et
1525 1369 1604 1399 locis
1629 1368 1825 1400 Lombardie
1851 1373 1883 1400 et
1907 1370 1991 1400 Mar-

346 1423 417 1454 ehie
443 1426 475 1454 et
498 1423 688 1454 Romaniolc
714 1423 772 1454 sub
797 1423 907 1454 debito
933 1423 1125 1454 sacramenti
1151 1426 1183 1454 et
1207 1422 1384 1460 fidelitatis,
1416 1422 1545 1464 publice
1570 1427 1602 1453 et
1625 1422 1785 1464 privatim,
1810 1421 1894 1452 bona
1917 1421 1992 1457 fide,

2016 704 2039 721 10

2018 1226 2043 1244 20

346 1479 381 1505 111
405 1475 496 1505 nobis
521 1475 560 1505 ad
585 1475 645 1505 1100
676 1475 908 1516 Ρο11101011(111111
939 1475 1084 1506 debitum
1111 1478 1143 1505 et
1172 1475 1288 1505 efficax
1312 1475 1483 1505 eonsilium
1508 1478 1540 1505 et
1564 1474 1718 1505 auxilium
1744 1474 1910 1515 prebeant.
1957 1474 1990 1504 Si
2019 1484 2043 1502 2³5

346 1530 454 1557 autem
480 1527 561 1557 infra
586 1528 758 1557 terminum
776 1528 987 1558 constitutum
1012 1527 1109 1557 aliam
1133 1527 1272 1561 fortiam,
1298 1537 1394 1567 quam
1413 1526 1507 1557 modo
1525 1526 1715 1559 habeamus,
1739 1526 1769 1556 in
1787 1525 1992 1561 Lombardia,

350 1578 493 1609 Mai-chia
525 1583 556 1609 et
580 1578 769 1609 Romaniola
799 1578 1018 1617 habuerimus,
1053 1589 1124 1609 eam
1154 1578 1193 1609 ad
1219 1578 1278 1609 1100
1307 1578 1541 1620 perficiendum
1565 1579 1649 1608 bona
1673 1578 1735 1608 fide
1759 1577 1993 1608 adhibebimus

348 1631 388 1662 Et
414 1632 439 1662 si
466 1631 547 1662 infra
571 1633 744 1662 terminum
770 1633 978 1662 constitutum
1004 1631 1033 1662 id
1059 1631 1167 1661 facere
1192 1631 1441 1672 nequiverimus.
1467 1630 1506 1661 ad
1525 1630 1609 1661 idem
1628 1629 1860 1671 perficiendum
1878 1640 1993 1661 secun-

347 1683 421 1714 dum
438 1683 619 1725 predictum
637 1683 767 1714 modum
785 1687 964 1717 teneamur,
990 1693 1062 1713 011111
1081 1682 1217 1723 primum
1236 1683 1423 1723 poterimus,
1450 1692 1618 1723 quousque
1639 1681 1853 1712 reedificetur.
1895 1681 1993 1723 Siqua

348 1740 455 1766 autem
484 1746 632 1777 persona,
669 1736 782 1766 civitas
814 1736 864 1766 vel
895 1736 983 1765 locus
1015 1734 1055 1764 ad
1084 1734 1144 1764 1100
1174 1734 1406 1775 perficiendum
1436 1734 1565 1775 aliquod
1589 1733 1865 1775 impedimentum,
1896 1744 1935 1763 110
1960 1733 1991 1763 1(1

349 1787 412 1823 fiat,
438 1790 583 1828 prestare
608 1788 853 1828 presumpserit,
878 1797 951 1818 eum
977 1797 1071 1818 eosve
1098 1787 1147 1817 vel
1174 1797 1229 1816 eas
1254 1797 1311 1827 per
1336 1785 1516 1817 districtum
1542 1786 1735 1817 sacramenti
1761 1789 1793 1816 et
1817 1785 1993 1823 fidelitatis,

348 1850 411 1880 qua
436 1839 527 1869 nobis
552 1843 713 1876 tenentur,
746 1839 1001 1881 prohibebimus.
1048 1838 1090 1868 Et
1115 1838 1140 1868 si
1166 1842 1298 1879 propter
1321 1837 1379 1868 1100
1404 1848 1467 1868 11011
1492 1838 1728 1879 acquieverint,
1762 1847 1817 1867 eos
1843 1847 1939 1867 easve
1963 1837 1994 1867 111

348 1891 453 1921 banno
484 1891 610 1931 publice
642 1892 817 1929 mittemus,
850 1901 1017 1932 quousque
1049 1890 1143 1931 digne
1177 1890 1404 1921 satisfecerint.
1455 1889 1497 1920 Et
1531 1890 1557 1920 si
1582 1890 1774 1920 satisfacere
1799 1889 1993 1927 distulerint,

349 1954 406 1984 per
431 1947 667 1974 sacramentum
693 1947 724 1973 ct
748 1943 937 1974 fidelitatem
968 1942 1122 1983 proximis
1152 1941 1348 1978 civitatibus,
1378 1942 1458 1972 locis
1483 1944 1515 1971 et
1537 1941 1685 1982 personis
1709 1941 1934 1982 precipiemus,
1960 1943 1994 1970 ut

2021 1740 2046 1758 30

350 1995 395 2024 eis
419 2005 569 2035 guerram
594 1995 724 2025 faciant.
815 1995 861 2035 (8)
888 1994 1042 2025 Similiter
1070 1994 1225 2024 faciemus
1250 1994 1356 2024 iurare
1386 2004 1497 2034 regem
1521 1993 1699 2024 Henricum
1725 1993 1823 2023 filium
1849 1995 1992 2022 nostrum
2020 1999 2044 2017 25

351 2046 390 2076 ad
422 2046 602 2081 terminum,
634 2057 729 2088 quem
758 2047 908 2077 consules
933 2046 1108 2077 Mediolani
1133 2045 1333 2076 constituent
1357 2045 1491 2076 consilio
1517 2044 1681 2076 credentic
1707 2056 1773 2076 suc.
1807 2044 1891 2085 quod
1916 2044 1993 2074 Ore-

350 2109 432 2128 mam
458 2098 543 2128 bona
566 2098 629 2129 fide
654 2098 888 2133 manutenebit,
914 2099 995 2129 sieut
1020 2101 1052 2128 et
1076 2108 1134 2128 nos
1160 2097 1199 2128 (le
1225 2108 1264 2128 ea
1288 2097 1375 2127 bona
1392 2097 1454 2127 fide
1472 2096 1714 2128 manutenenda
1735 2097 1831 2127 iurari
1850 2096 1993 2127 fecimus,

352 2149 636 2180 Manutenebimus
661 2154 768 2181 autem
795 2149 945 2181 s‘remam
970 2150 1030 2180 1100
1054 2149 1148 2180 modo
1174 2152 1205 2179 et
1230 2159 1268 2179 ea
1293 2159 1366 2189 ope,
1389 2149 1473 2179 sicut
1490 2148 1609 2179 dictum
1628 2152 1677 2179 est
1694 2148 1733 2179 (10
1752 2148 1993 2179 reedificatione

352 2201 514 2232 facienda:
539 2212 576 2231 00
601 2201 718 2239 addito,
744 2202 770 2231 si
794 2202 948 2232 fuerimus
972 2202 1056 2232 ultra
1074 2204 1209 2232 montes.
1236 2200 1318 2241 quod
1336 2201 1456 2231 bonum
1474 2200 1620 2231 nuntium
1640 2204 1672 2231 et
1690 2200 1812 2230 litteras
1829 2200 1993 2230 mittemus

352 2264 409 2295 pro
435 2253 529 2283 simili
555 2253 712 2284 adiutorio
738 2253 912 2294 prestando
938 2257 970 2284 et
994 2252 1225 2294 impedimento
1249 2252 1432 2286 inhibendo,
1463 2263 1534 2283 cum
1559 2252 1632 2282 inde
1657 2252 1813 2282 fuerimus
1838 2251 1993 2292 requisiti.

2022 2262 2047 2280 40

454 2306 499 2345 (9)
525 2305 615 2335 Paeti
641 2316 768 2346 quoquc
793 2309 825 2336 et
849 2305 1021 2336 iuramenti
1045 2306 1192 2341 formam,
1226 2303 1310 2345 quod
1335 2304 1598 2335 Mediolanenses
1623 2304 1715 2334 nobis
1740 2306 1771 2334 et
1796 2303 1860 2333 filio
1885 2306 1995 2333 nostro
2037 2343 2041 2346 .

367 2357 498 2387 ‘nomano
528 2358 594 2397 regi
631 2357 739 2387 facere
775 2357 904 2391 debent,
940 2357 1083 2398 presenti
1116 2356 1235 2397 pagine
1266 2356 1416 2386 duximus
1447 2355 1663 2387 inserendam.
1715 2355 1882 2391 iuvabunt,
1912 2354 1996 2395 quod

352 2408 437 2438 bona
461 2408 523 2439 fide
549 2411 581 2439 et
606 2409 673 2438 sine
698 2408 811 2439 fraude
836 2408 1037 2439 adiuvabunt
1061 2418 1118 2438 nos
1144 2411 1176 2437 et
1201 2407 1380 2448 predictum
1406 2407 1505 2438 filium
1530 2411 1674 2438 nostrum
1700 2409 1912 2437 manutenere
1937 2406 1994 2436 im-

352 2461 477 2501 perium
503 2460 532 2490 in
550 2459 754 2499 Lombardia,
780 2460 926 2491 Marchia
951 2464 983 2490 01
999 2459 1201 2490 Romaniola:
1228 2463 1260 2489 et
1278 2462 1490 2490 manutenere
1509 2469 1620 2490 omncs
1642 2459 1877 2500 possessiones,
1902 2457 1994 2487 iusti-

351 2512 422 2546 tias,
447 2512 514 2542 iura
542 2516 572 2542 et
597 2512 750 2549 rationes,
775 2522 854 2552 quas
879 2511 1037 2542 habemus
1063 2511 1094 2541 in
1119 2510 1323 2545 Lombardia,
1349 2510 1494 2541 Marchia
1518 2513 1550 2540 et
1573 2510 1784 2545 Romaniola;
1810 2512 1842 2539 et
1867 2509 1992 2550 specia-

352 2564 424 2593 liter
448 2567 565 2594 terram
591 2564 751 2604 qnondam
777 2563 940 2594 comitisse
964 2562 1127 2593 Mateldis.
1176 2562 1208 2593 Si
1227 2573 1306 2603 quas
1324 2563 1421 2593 etiam
1445 2562 1676 2603 possessiones,
1701 2561 1850 2593 iustitias,
1876 2561 1945 2591 iura
1963 2563 1995 2591 et

353 2615 493 2645 rationes
519 2616 549 2645 in
575 2615 728 2656 predictis
759 2615 864 2651 terris,
895 2615 1018 2645 seilicet
1042 2614 1253 2650 Lombardia,
1286 2614 1431 2645 Marehia
1455 2618 1486 2644 et
1510 2613 1717 2647 Romaniola,
1750 2616 1782 2642 et
1806 2612 1993 2642 nominatim

353 2667 392 2696 110
417 2670 500 2708 terra
527 2667 688 2707 quondam
713 2666 876 2697 comitisse
894 2666 1049 2701 Matildis,
1074 2667 1288 2699 amiserimus,
1314 2666 1511 2696 adiuvabunt
1526 2676 1584 2696 nos
1608 2664 1770 2695 bonafide
1789 2674 1995 2705 recuperare,

353 2718 474 2747 et'lms*
506 2722 613 2748 contra
647 2729 758 2749 omnes
790 2719 955 2755 civitates,
988 2718 1059 2748 loca
1091 2722 1123 2748 et
1155 2729 1325 2760 personam
1352 2718 1530 2759 quamlibet
1553 2716 1761 2751 Lombartlie,
1796 2715 1940 2746 Marchie
1965 2718 1997 2745 et

354 2768 558 2801 limnaniole:
591 2782 628 2800 00
653 2775 763 2801 1011010
788 2775 833 2807 ut,
859 2771 883 2800 si
910 2780 967 2800 nos
993 2773 1047 2800 aut
1072 2770 1154 2800 filius
1179 2773 1290 2800 nostor
1314 2781 1370 2800 rex
1397 2769 1558 2799 Ilenrieus
1582 2768 1765 2809 aliquando.
1792 2767 1875 2808 quod
1900 2767 1993 2797 nobis

2023 2778 2047 2795 50
