2205 3072
149 738 171 756 11]

148 996 170 1014 15

145 1257 170 1276 20

143 1773 167 1791 30

141 2343 166 2361 40

602 173 782 199 FRIDERICI
804 172 821 198 l.
843 170 1166 197 CONSTlTUTIONES.
1206 172 1276 196 1162.
1316 172 1361 196 Nr.
1376 172 1433 197 213.
1778 173 1832 201 301

198 266 353 302 cumquc⁰
389 264 572 291 contractus
609 263 729 290 rectum
765 268 893 289 cursum
925 268 1016 288 suum
1046 260 1077 287 ct
1112 257 1142 287 in
1174 257 1410 298 posicionibusl‘
1443 262 1473 288 et
1506 258 1538 288 in
1570 257 1839 289 renovacionibus

198 312 375 343 secundum
399 316 543 342 tenorem
568 311 772 342 instrumenti
797 314 937 340 teneant.
1028 311 1076 347 (7)
1102 309 1180 339 Item
1208 310 1443 350 possessiones.
1469 320 1548 350 quas
1573 321 1630 351 per
1653 309 1837 340 violentiam

199 375 261 395 non
285 363 439 394 detinent.
465 363 612 394 coneedit
636 362 772 393 domnus
802 362 977 403 imperator
1000 360 1247 391 Ravennatibus
1280 367 1467 392 renovare⁴¹.
1514 361 1606 397 Quod
1632 362 1657 392 si
1682 371 1838 392 renovare

198 415 438 453 contemserint.
472 415 567 445 liceat
591 414 728 445 dominis
758 414 797 444 ab
829 414 875 443 eis
901 413 1060 443 iusticiam
1086 413 1208 443 exiere.
1255 412 1305 443 De
1331 413 1535 443 cautionibus
1560 424 1636 444 vero
1661 412 1837 444 secundum

198 467 282 509 quod
306 467 337 497 in
362 477 470 497 eorum
503 466 723 497 instrumentis
748 466 943 497 continetur,
974 464 1017 494 ita
1041 468 1215 494 teneatur&
1263 463 1374 494 Novae
1399 468 1506 495 autem
1531 468 1659 502 cartae,
1691 475 1773 506 quae
1799 464 1838 494 de

197 518 456 560 possessionibus
474 518 700 548 Ravennatum
725 517 755 547 in
777 517 989 547 contencione
1009 520 1091 548 sunt.
1118 516 1195 546 nulli
1215 516 1339 557 prosint
1356 526 1415 546 nec
1432 516 1549 548 obsint.
1617 516 1665 559 (8)
1690 517 1837 547 Domnus

198 583 273 603 vero
299 572 473 613 imperator
496 571 642 613 promisit
667 581 774 601 coram
799 569 997 611 principibus
1015 570 1123 600 curiae
1149 574 1179 599 et
1198 570 1387 610 capitaneis.
1413 569 1497 610 quod
1519 570 1678 600 rationem
1696 572 1727 599 et
1744 569 1836 599 iusti-

198 625 279 655 ciam
302 624 417 655 facietS
440 623 685 654 Ravennatibus
716 622 864 653 eeclesiis
894 626 926 652 et
956 621 1135 663 capitaneis
1167 625 1198 651 et
1229 621 1344 651 ceteris
1370 621 1616 652 Ravennatibus
1642 620 1680 651 de
1706 620 1839 651 Feraria

198 680 230 707 et
253 675 420 706 Placentia
445 679 476 705 et
500 674 657 705 Faventia
681 678 713 704 ct
737 673 888 704 Forolivii
914 677 945 703 et
968 672 1199 713 Foropompilii
1225 677 1256 703 et
1281 672 1407 703 Cesena
1431 675 1482 703 ac¹
1507 672 1688 703 Bretenoro
1713 676 1745 703 et
1762 672 1836 702 Ari-

199 727 284 758 mino
309 731 340 757 et
364 726 403 757 de
434 727 504 757 aliis
536 727 628 757 terris
659 725 718 756 sibi
743 726 899 755 violenter
923 725 1048 755 ablatis.
1096 725 1253 755 Similiter
1278 735 1353 754 vero
1379 725 1537 755 iusticiam
1563 725 1678 755 faeict⁸
1703 724 1837 765 prefatis

197 779 304 810 terris.
342 778 367 809 si
399 778 537 819 aliquam
570 778 686 808 iustam
721 777 953 818 querimoniam
985 776 1157 806 habuerint
1186 775 1339 806 adversus
1371 776 1568 808 Ravennam.
1665 777 1711 816 (9)
1744 774 1837 811 Quod

197 831 221 861 si
246 830 329 861 forte
354 829 489 860 domnus
513 830 687 871 imperator
711 829 751 859 ad
775 833 882 869 partes
908 828 1083 859 Ravennae.
1117 839 1188 858 cum
1213 829 1357 858 exercitu
1387 829 1519 863 venerit.
1552 839 1613 859 non
1644 828 1741 859 debet
1765 838 1836 858 cum

198 882 344 913 exercitu
374 882 404 911 in
440 880 699 922 possessionibus
731 890 840 910 eorum
877 884 908 910 et
944 879 1156 909 eeclesiarum
1193 879 1346 920 hospitari
1377 890 1395 910 a
1425 884 1526 910 strata
1556 880 1702 916 inferius,
1733 884 1782 910 set
1813 880 1839 910 si

198 933 345 967 voluerit,
375 943 446 963 eum
479 932 595 962 domna
624 932 824 974 imperatrice
854 936 885 962 et
914 942 985 961 enm
1010 931 1209 972 principibus
1240 932 1304 961 suis
1330 932 1397 961 sine
1423 932 1569 962 exercitu
1593 931 1782 962 Ravennam
1807 936 1838 962 et

198 985 277 1015 alias
302 984 526 1026 possessiones
551 984 773 1014 Ravennatum
800 984 933 1013 intrare:
959 994 1029 1013 eum
1056 983 1163 1013 debito
1190 983 1311 1013 honore
1337 987 1368 1013 et
1393 984 1579 1014 reverencia
1596 984 1678 1014 sieut
1696 984 1726 1013 in
1745 983 1838 1014 domo

196 1036 325 1078 propria
357 1036 559 1077 suscipietur.
649 1036 717 1075 (10)
754 1035 891 1076 Insuper
926 1035 1061 1065 domnus
1099 1035 1274 1076 imperator
1311 1039 1444 1065 stratam
1480 1045 1583 1076 aquae
1616 1035 1695 1066 Padi
1727 1045 1839 1066 versus

195 1087 385 1119 Ravennam
411 1087 572 1128 expediet.
606 1087 732 1128 qnando
759 1087 908 1128 potuerit.
956 1087 989 1117 Si
1015 1097 1088 1117 vero
1115 1086 1176 1118 illi.
1208 1087 1260 1127 qui
1285 1097 1356 1117 cam
1381 1087 1576 1124 clauserunt,
1603 1098 1658 1129 pro
1684 1090 1837 1128 precepto

196 1139 302 1170 domni
326 1140 526 1180 imperatoris
551 1140 678 1180 aperire
704 1139 873 1170 noluerint.
899 1139 1034 1169 domnus
1060 1139 1236 1180 imperator
1261 1149 1315 1169 eos
1341 1140 1371 1169 in
1396 1138 1500 1169 banno
1519 1150 1576 1170 suo
1594 1139 1685 1180 qnasi
1703 1139 1837 1170 hostes¹¹

197 1191 319 1232 imperii
345 1194 452 1232 ponet.

300 1242 391 1274 Haec
419 1246 492 1273 sunt
521 1243 647 1273 nomina
678 1243 855 1285 principum
889 1243 919 1273 in
951 1253 1083 1283 quorum
1121 1243 1289 1283 presencia
1321 1243 1400 1274 hace
1430 1247 1502 1273 acta
1540 1247 1628 1274 sunt:
1662 1242 1839 1274 Rainaldus

196 1294 400 1325 Coloniensis
431 1294 690 1336 archiepiscopus
721 1299 753 1325 ct
779 1294 892 1325 [taliae
922 1294 1237 1329 archicancellarius.
1270 1294 1439 1325 Gom-adue
1464 1294 1673 1336 Maguntinus
1705 1295 1839 1327 electus.

194 1346 323 1377 Ulricus
348 1346 531 1387 patriarcha
555 1346 713 1387 Aquileic.
744 1346 848 1377 Guido
874 1346 1045 1377 Ravennas
1076 1346 1209 1379 electus.
1243 1346 1405 1377 Henricus
1432 1346 1624 1378 lieodiensis
1655 1347 1839 1389 episcopus.

195 1398 402 1429 Hermannus
421 1398 597 1429 Vel-densis
629 1399 810 1440 episcopus.
846 1398 1052 1429 Hermannus
1086 1397 1445 1429 Hildcncshciniensisv
1469 1399 1602 1435 electus.
1634 1399 1840 1430 Hermannus

194 1449 465 1481 Heresveldensis
490 1450 601 1482 abbas.
626 1450 807 1481 Aichardus
832 1450 1017 1481 Parmensis
1044 1451 1226 1492 episeopus.
1253 1450 1420 1481 Conradus
1445 1451 1608 1492 palatinus
1634 1462 1740 1482 comes
1757 1450 1840 1481 Reni

197 1502 295 1533 frater
323 1502 431 1532 domni
462 1503 672 1543 imperatoriS.
698 1502 859 1533 Henrieus
889 1502 954 1532 dux
973 1503 1104 1533 Austrie
1131 1503 1261 1533 vitricus
1288 1502 1393 1533 domni
1418 1503 1632 1544 imperatoris,
1656 1502 1841 1533 Fridericus

195 1553 259 1584 dux
293 1553 469 1584 Suevorum
502 1555 586 1595 regis
619 1554 756 1585 Com-adi
789 1554 888 1591 filius,
926 1555 1133 1585 Hei-mannus
1164 1555 1229 1585 dux
1258 1554 1465 1585 Karinthiew.
1502 1554 1642 1585 marchio
1674 1554 1840 1586 Albertus.

196 1605 271 1636 Otto
303 1606 464 1646 palatinus
495 1616 603 1636 comes
633 1606 672 1637 de
691 1605 937 1639 NVitelinesbac.
969 1617 1077 1638 comcs
1103 1606 1260 1637 Emercex
1292 1606 1330 1637 dc
1364 1607 1532 1647 Liningen.
1565 1606 1631 1637 dux
1656 1606 1841 1642 Udalricus,

195 1657 259 1688 dux
292 1657 475 1692 Bolezlaus,
508 1657 690 1689 Bure-ardus
723 1659 920 1689 castellanus
952 1658 1256 1700 Magdebnrgensis.
1295 1670 1402 1689 comes
1433 1658 1600 1689 Conradus
1634 1658 1672 1689 de
1704 1658 1840 1693 Albech.

195 1719 299 1740 comcs
324 1708 504 1751 Diepuldus
528 1710 567 1740 de
592 1709 852 1749 Leskemunde-V.
887 1721 994 1741 comes
1020 1710 1255 1741 GrebehardusZ
1281 1710 1319 1741 de
1346 1711 1563 1751 Luckenberg
1594 1714 1624 1741 et
1649 1711 1748 1741 frater
1772 1711 1840 1741 eius

196 1760 413 1795 Marcualdus,
448 1760 577 1792 Ulricus
606 1761 645 1793 dc
680 1762 875 1803 Urningena.
916 1762 1076 1793 Henricus
1108 1763 1327 1794 mariscalcus.
1366 1763 1542 1794 Bertuldus
1574 1763 1840 1796 triscamerarius.

194 1811 283 1842 Oono
319 1812 513 1843 camerarius
549 1812 588 1843 de
624 1812 866 1854 Minzenbergb.
909 1813 1118 1844 Herm-annus
1154 1814 1366 1851 camerni-im,
1404 1814 1596 1855 Rodigerius
1633 1814 1840 1845 camerarius.

194 1862 387 1903 Sigibodusc
411 1865 619 1899 camerarius.
645 1868 677 1895 et
701 1865 753 1895 alii
779 1866 997 1906 quamplures.

299 1915 432 1956 Signum
457 1915 575 1946 domini
602 1915 765 1947 Frederici
790 1917 1010 1948 Romanorum
1035 1918 1237 1959 imperatoris
1261 1918 1461 1948 invictissimi
1488 1917 1570 1958 (Μ.)

300 1966 369 2008 Ego
399 1967 572 1998 Udalrieus
606 1968 816 1999 cancellarius
849 1970 918 2000 vice
944 1969 1093 1999 Rainaldi
1127 1968 1349 2000 Coloniensisd
1382 1968 1629 2011 [archiepiscopi
1659 1968 1703 2011 et]
1735 1969 1838 1999 arehi-

156 2036 166 2047 α
196 2019 379 2050 cancellarii
404 2020 588 2060 recognovi.

295 2071 380 2101 Acta
404 2075 477 2101 sunt
501 2071 580 2102 haec
599 2082 682 2102 anno
700 2071 879 2103 dominicae
897 2073 1126 2103 incarnationis
1143 2072 1312 2109 MCLXH.
1338 2072 1402 2104 iud.
1419 2072 1460 2108 X,
1486 2076 1642 2113 regnante
1665 2072 1838 2103 Frederico

192 2122 411 2153 Romanorum
443 2123 638 2164 imperatore
668 2124 916 2164 gloriosissimo.
947 2135 1030 2155 anno
1055 2125 1144 2165 regni
1170 2125 1239 2155 eius
1264 2124 1304 2158 X,
1331 2125 1454 2166 imperii
1479 2134 1555 2155 vero
1574 2123 1667 2154 VIII.
1694 2124 1781 2154 Dat.e
1808 2125 1837 2154 in

192 2174 352 2204 territorio
378 2174 561 2206 Mutinensi.
587 2175 617 2205 in
642 2175 737 2216 plano
762 2177 857 2206 castri
884 2176 1071 2217 Savignani.
1098 2182 1168 2217 post
1193 2176 1444 2206 destructionem
1472 2175 1655 2210 Mediolani.
1681 2176 1740 2207 VI.
1765 2176 1837 2206 Kal.

196 2225 286 2257 Iulii:
311 2226 450 2256 feliciter
474 2236 579 2256 amen.

296 2326 361 2353 ⁸213.
386 2330 409 2358 0)
429 2330 553 2361 cuiusque
567 2330 597 2354 F.
708 2332 731 2356 1³)
751 2331 916 2362 pensionibus
936 2332 967 2356 F.
1069 2332 1092 2359 Γι)
1112 2332 1229 2356 renovari
1250 2332 1281 2356 E.
1386 2334 1406 2361 r)
1427 2336 1530 2356 teneant
1550 2331 1581 2355 B.
1670 2335 1691 2354 Β)
1712 2331 1787 2354 faciat
1807 2330 1838 2354 F.

193 2371 212 2401 t)
231 2376 255 2395 et
274 2371 306 2395 F.
404 2373 428 2401 u)
448 2377 513 2397 ostes
533 2373 563 2397 F.
670 2376 693 2404 v)
714 2374 972 2399 Hildeneshemiensis
992 2375 1023 2398 R.
1038 2375 1068 2399 F.
1163 2379 1192 2404 W)
1212 2375 1373 2399 Hermantlns
1391 2375 1443 2398 dux
1463 2377 1517 2399 Car.
1533 2374 1562 2398 F.
1653 2379 1677 2401 Χ)
1696 2375 1792 2398 Enereo
1806 2373 1836 2397 B.

192 2414 216 2443 y)
237 2415 370 2438 Kemundc
390 2415 421 2439 Β,
526 2418 547 2445 z)
567 2417 716 2441 Geberadus
737 2417 771 2447 b'3
791 2418 923 2442 Gebardus
943 2418 972 2442 F.
1079 2422 1103 2445 ὃ)
1124 2419 1236 2450 Uringen
1256 2418 1286 2441 Β.
1378 2418 1400 2443 h,
1421 2418 1591 2449 Mingenborg
1614 2417 1642 2441 F.
1733 2418 1754 2439 θ’)
1776 2417 1838 2448 Sigi-

194 2457 278 2480 bertus
300 2457 329 2480 B.
417 2457 442 2489 d)
463 2457 541 2482 t'olofi
562 2459 596 2486 B:
616 2460 797 2491 archiepiscopi
817 2465 841 2484 et
861 2461 911 2484 cles.
927 2461 956 2485 B.
973 2461 1003 2484 F.
1092 2466 1115 2488 ε*)
1136 2463 1231 2485 Datum
1252 2461 1281 2485 F.
