2205 3072
315 192 376 221 580
408 166 414 171 >
505 189 715 215 ALEXANnRI
735 189 782 214 ΙΙΙ.
803 188 1002 213 EPISTOLAE
1023 188 1066 213 DE
1086 187 1281 213 TRACTATU
1303 186 1503 213 ANAGNINO.
1543 188 1615 213 1176.
1652 187 1699 212 Nr.
1714 186 1771 212 404.

419 275 544 305 Divinis
569 275 781 316 humanisque
815 275 994 306 rationibus
1019 285 1194 305 consonum
1224 275 1380 315 probatur
1404 278 1435 305 et
1460 276 1722 309 consentaneum,
1754 272 1959 303 menbrorum

317 327 412 356 saluti
447 331 543 367 caput
575 327 713 357 sollicite
747 326 916 368 providere
948 330 979 357 et
1012 326 1050 356 ad
1078 326 1312 356 subiectionem
1338 330 1370 357 et
1394 326 1584 356 famulatum
1610 325 1657 355 sui
1683 324 1798 365 capitis
1825 324 1959 354 menbra

317 377 518 408 concorditer
535 378 718 413 convenire,
745 389 803 408 nec
821 378 861 408 ab
880 378 949 408 eius
967 378 1124 408 institutis
1143 381 1176 408 et
1198 379 1317 419 regulis
1335 378 1498 407 ullatenus
1516 376 1655 407 deviare.
1697 375 1783 406 Nulli
1802 375 1958 416 siquidem

316 429 545 460 catholicorum
571 433 662 460 extat
687 429 872 470 ambiguum
897 430 1039 471 nullique
1064 429 1161 460 debet
1186 440 1258 460 esse
1282 429 1490 470 incognitum,
1516 431 1755 458 sacrosanctam
1778 426 1958 457 Romanam

317 484 348 510 et
378 481 586 521 apostolicam
624 482 796 512 ecclesiam
833 481 872 512 ab
906 482 975 522 ipso
1000 481 1139 511 Domino
1172 484 1204 511 et
1236 481 1404 511 Salvatore
1439 484 1546 510 nostro
1578 478 1746 520 accepisse
1776 479 1957 519 primatum.
2000 489 2011 505 s.

318 531 410 562 Unde
435 533 548 562 merito
581 532 676 563 cardo
707 537 738 563 et
767 536 864 574 caput
894 533 1034 563 omnium
1060 533 1271 563 ecclesiarum
1302 533 1341 563 ab
1376 533 1445 573 ipso
1471 532 1631 562 salvatore
1656 530 1731 560 Iesu
1757 529 1886 560 Christo
1913 533 1961 560 est

316 584 473 621 instituta,
498 588 532 614 ut
557 584 639 614 sicut
664 584 793 614 cardine
820 584 958 614 hostium
983 584 1114 625 regitur,
1140 584 1184 614 ita
1208 583 1352 614 eiusdem
1371 587 1482 613 sancte
1501 582 1586 613 sedis
1608 581 1754 612 doctrina
1771 585 1803 612 et
1819 582 1960 611 auctori-

316 639 382 665 tate
414 646 525 666 omnes
557 637 716 667 ecclesiae
740 636 880 666 Domino
914 636 1105 677 disponente
1140 638 1302 676 regantur,
1355 634 1446 670 Quae
1478 635 1560 664 tales
1586 633 1735 664 nimirum
1761 633 1821 663 sibi
1847 632 1960 662 statuit

316 687 396 717 filios
422 698 603 728 procreare,
628 699 686 729 per
711 698 790 728 quos
808 688 906 718 veluti
932 698 988 729 per
1005 688 1192 728 columpnas
1217 686 1397 717 immobiles
1424 686 1526 727 possit
1550 685 1581 715 in
1606 695 1662 715 sue
1679 684 1839 715 libertatis
1857 684 1959 714 subli-

317 738 429 768 mitate
465 743 562 780 atque
593 740 702 780 vigore
740 740 858 779 iugiter
889 740 1079 769 inconcussa
1111 739 1232 769 servari
1264 742 1296 768 et
1326 749 1397 768 cum
1429 738 1545 767 fluctus
1576 737 1692 767 erroris
1725 739 1756 766 et
1787 735 1958 771 scismatis,
1989 749 2012 767 ιο

316 789 444 820 diabolo
473 795 630 821 consueta
654 802 778 822 venena
810 791 975 825 fundente,
1007 791 1134 821 fortiter
1163 790 1384 822 intumuerint,
1417 799 1526 819 eorum
1552 788 1721 828 vigilantia
1745 790 1777 817 et
1801 787 1959 817 industria

316 842 444 872 valeant
488 842 664 873 auxiliante
704 842 843 873 Domino
889 843 1019 884 reprimi
1062 846 1094 872 et
1138 842 1353 883 tranquillitas
1395 841 1553 871 ecclesiae
1596 840 1744 870 celeriter
1782 839 1959 870 reformari.

316 892 443 927 Quanto
469 900 577 924 autem
604 905 711 925 errore
737 899 769 925 et
794 895 946 925 scismate
972 894 1117 935 predicta
1142 897 1245 924 mater
1270 897 1378 923 vestra
1409 903 1466 934 per
1490 891 1627 922 Rolandi
1653 891 1829 932 symoniaci
1856 894 1887 921 ct
1912 891 1960 920 in-

317 946 438 975 vasoris
472 956 665 987 suorumque
698 947 902 987 complicium
935 946 1189 987 conspirationes
1220 949 1252 975 ct
1282 944 1452 975 mendacia
1476 947 1508 974 et
1532 944 1672 985 periuria
1698 943 1906 973 concuciatur
1931 946 1963 972 et

315 997 479 1037 fatigetur,
508 1001 539 1027 ct
563 1008 657 1038 quam
682 998 862 1028 manifestis
887 998 1052 1039 symoniis,
1087 997 1317 1038 rapacitatibus
1343 1000 1374 1026 et
1399 995 1591 1037 importunis
1617 994 1850 1028 exactionibus,
1876 993 1960 1035 quod
1991 1007 2011 1024 ιε

316 1048 463 1079 dolentes
488 1049 634 1083 dicimus,
665 1050 820 1080 hactenus
851 1060 908 1091 per
932 1049 1061 1079 eosdem
1096 1049 1192 1079 fuerit
1217 1048 1405 1082 deformata,
1438 1052 1565 1078 vestrae
1591 1047 1776 1077 discretioni
1802 1057 1864 1076 non
1890 1056 1959 1076 cre-

316 1100 419 1130 dimus
443 1112 516 1131 csse
541 1101 712 1134 occultum,
738 1113 809 1132 cum
835 1102 896 1131 iam
925 1111 1029 1131 rerum
1055 1100 1256 1141 experientia
1274 1100 1459 1140 celebrique
1477 1099 1563 1129 fama
1587 1098 1786 1140 predicante,
1811 1098 1879 1128 fere
1904 1108 1961 1138 per

316 1153 501 1182 universum
527 1153 635 1183 orbem
662 1154 704 1183 sit
729 1154 892 1193 cognitum
918 1157 950 1183 et
975 1152 1189 1193 divulgatum.
1236 1151 1285 1182 De
1311 1155 1400 1182 tanta
1424 1151 1522 1192 igitur
1546 1150 1755 1181 concussione
1774 1154 1805 1180 et
1822 1150 1961 1180 scissura

317 1204 475 1234 ecclesiae
501 1205 672 1246 plurimum
699 1205 847 1235 dolentes
866 1208 898 1234 et
915 1204 954 1234 ad
973 1208 1091 1234 statum
1109 1203 1310 1233 rectitudinis
1328 1203 1434 1233 omnia
1452 1202 1560 1233 reduci
1578 1202 1758 1243 cupientes,
1784 1201 1960 1232 communi-

315 1259 385 1284 cato
411 1255 542 1285 fratrum
569 1260 749 1286 nostrorum
776 1257 1003 1298 episcoporum
1030 1259 1061 1285 et
1086 1255 1295 1286 cardinalium
1321 1255 1494 1285 multorum
1520 1258 1551 1284 ct
1568 1254 1792 1294 religiosorum
1812 1253 1956 1287 consilio,
1988 1265 2013 1282 ’.ω

199 1314 296 1334 Mai-2¹1.
318 1307 476 1337 dominica
512 1318 574 1348 qua
611 1312 758 1338 cantatur
790 1308 923 1338 ‘Vocem
954 1306 1168 1338 iocunditatis'
1205 1308 1358 1347 gencrale
1394 1306 1564 1336 concilium
1598 1304 1756 1335 Cremone
1791 1305 1962 1335 statuimus

316 1359 557 1389 celebrandum.
599 1359 648 1389 Ad
668 1360 750 1400 qnod
770 1360 973 1390 venerabiles
992 1360 1107 1389 fratres
1125 1362 1248 1388 nostros
1267 1359 1433 1399 primates,
1458 1357 1729 1398 archiepiscopos³
1756 1355 1962 1398 [cpisc‹iposj,

316 1410 463 1448 abbates,
497 1412 690 1452 prepositos,
722 1411 860 1441 decanos
892 1411 1036 1451 aliosque
1067 1410 1275 1441 ecclesiarum
1311 1409 1452 1451 prelatos
1482 1409 1521 1439 dc
1553 1409 1703 1439 universo
1728 1408 1805 1438 orbe
1830 1408 1962 1448 dignum

315 1461 466 1492 duximus
492 1463 727 1497 convocandos,
760 1473 895 1503 quorum
921 1463 1056 1493 consilio
1082 1465 1114 1492 ct
1139 1462 1330 1492 auctoritate
1356 1465 1424 1491 rete
1450 1460 1538 1491 Petri
1564 1460 1780 1490 exuberantia
1805 1459 1960 1490 malorum

316 1514 520 1554 aliquatenus
552 1515 686 1544 scissum
720 1515 912 1545 resarciatur
949 1518 981 1544 ct
1010 1514 1116 1544 unitas
1147 1514 1304 1543 ecclcsiae
1334 1513 1474 1543 Domino
1506 1515 1702 1553 cooperante
1732 1511 1959 1541 consolidetur.
1990 1521 2014 1539 ’.ἐι

316 1565 474 1600 Quos—ivea
499 1566 691 1596 fraternitati
720 1570 847 1596 vestrae
874 1577 932 1607 per
956 1567 1137 1607 apostolica,
1162 1567 1281 1607 scripta
1306 1566 1495 1596 mandamus
1521 1569 1552 1594 et
1571 1566 1599 1594 in
1618 1565 1734 1594 virtute
1753 1563 1959 1594 obedientiae

315 1617 508 1647 auctoritate
534 1618 701 1648 beatorum
728 1619 947 1659 apostolorum
974 1619 1060 1649 Petri
1088 1623 1119 1648 ct
1145 1619 1235 1648 Pauli
1267 1618 1401 1648 firmiter
1426 1617 1628 1658 precipimus,
1658 1616 1808 1657 quatinus
1832 1615 1870 1645 ad
1897 1616 1958 1645 iam

316 1668 433 1698 dictum
460 1670 628 1700 concilium
656 1671 685 1700 in
712 1670 835 1711 prctixo
862 1671 1010 1705 termino,
1036 1671 1121 1700 omni
1147 1671 1317 1700 occasione
1343 1669 1524 1710 postposita
1549 1668 1696 1703 veniatis,
1721 1672 1756 1698 ut
1781 1678 1843 1708 que
1862 1668 1959 1697 corri-

317 1720 423 1759 genda
449 1725 522 1751 sunt
547 1723 757 1762 corrigantur,
784 1722 956 1752 statuenda
981 1725 1163 1752 statuantur
1188 1726 1221 1751 et
1246 1732 1307 1762 quc
1334 1720 1472 1751 tenenda
1498 1720 1626 1755 suerint,
1653 1720 1804 1749 invocata
1823 1719 1961 1760 Spiritus

316 1772 418 1801 sancti
444 1773 557 1812 gratia,
583 1774 743 1803 communi
770 1784 930 1803 consensu
947 1778 1119 1804 teneantur
1136 1777 1167 1803 et
1185 1774 1423 1803 csmtirmentur.
1464 1772 1654 1812 Quicunque
1674 1772 1757 1801 enim
1777 1775 1839 1801 tam
1859 1782 1957 1801 vene-
1990 1780 2014 1797 ao

318 1824 416 1853 raudo
442 1828 473 1854 ct
498 1829 608 1855 sancto
634 1826 770 1855 concilio
797 1837 830 1855 se
856 1826 1047 1856 subtrahere
1073 1825 1317 1866 presumpserit,
1344 1825 1429 1854 illius
1455 1836 1489 1854 se.
1516 1835 1577 1853 non
1597 1835 1670 1853 esse
1689 1822 1855 1853 menbrum
1874 1833 1959 1852 coni-

318 1876 480 1916 probabit,
506 1887 611 1917 quam,
637 1878 719 1907 sicut
744 1878 890 1918 superius
915 1877 1065 1908 diximus.
1092 1882 1189 1918 capm
1214 1880 1243 1906 et
1269 1877 1456 1917 magistrum
1482 1876 1585 1905 tocius
1603 1875 1760 1905 ecclesiae
1778 1874 1962 1915 redemptor

317 1932 348 1958 et
373 1928 513 1958 salvator
538 1932 648 1959 noster
673 1930 820 1960 instituit.

420 1980 538 2010 Datum
565 1980 707 2014 Taurini,
733 1980 842 2010 XVII.
868 1980 1033 2011 Kalendas
1060 1980 1239 2011 Februarii.

690 2312 787 2362 wi.
819 2312 917 2362 «105.
960 2309 1366 2362 ALEXAND
1376 2309 1456 2362 Rl
1497 2309 1589 2362 ΙΙΙ.
1990 2338 2012 2356 2⁵

347 2394 802 2447 EPIsTOLAE
846 2394 951 2447 DE
990 2395 1372 2447 'PRAUTAT
1385 2395 1435 2448 U
1476 2393 1932 2447 ANAGNINO.

1010 2498 1136 2539 (1170.
1164 2498 1271 2539 Nov.)

389 2603 465 2635 404.
495 2605 719 2636 12‘]²J,sT‹›LA
752 2605 816 2635 ΑΙ)
850 2605 1145 2636 (ἋΒῙΠΝΑῙΑΕΝ
1173 2606 1227 2636 ΙΝ
1254 2605 1537 2637 ΙΛΠΠΒΑΗῙΠΑ
1571 2604 1890 2635 (ἾΟΝΕΤῙΊἸὙίλῖ.

424 2664 653 2704 IJrsmv'sasimns
676 2677 690 2693 ι’
714 2666 811 2695 rodier
841 2666 939 2695 latina
963 2666 1149 2695 Allo‘tmwnsi
1172 2668 1274 2696 1041]
1306 2667 1391 2705 (Tr-q.
1412 2667 1509 2705 1411)
1531 2676 1609 2697 sare.
1627 2665 1730 2696 XIII.
1757 2666 1798 2695 iit.
1820 2665 1880 2706 fol.
1900 2667 1961 2694 113

317 2718 465 2754 (lul-²27).
497 2727 510 2744 τ’
540 2727 597 2754 ‘lim
630 2717 690 2746 iam
719 2718 838 2755 pridem
868 2718 950 2747 edim
978 2720 1020 2747 rs!
1048 2729 1066 2747 u
1096 2718 1188 2747 Poein
1219 2719 1249 2747 iu
1285 2718 1443 2748 Thesauro
1472 2717 1687 2747 (infulatorum
1712 2716 1763 2751 ῘἹ,
1785 2718 1895 2751 l,3,07‚
1921 2734 1961 2738 ——-

320 2765 406 2802 Iassii
436 2767 503 2804 Hau⁴
531 2770 612 2805 pont.
643 2768 728 2798 Ιΐιιηι,
753 2770 797 2800 ml,
823 2769 868 2799 II.
890 2771 1003 2800 12751'7.
1683 2767 1857 2806 (P.1l1³est.)
1989 2783 2014 2801 40
