2205 3072
364 161 424 190 236
734 158 916 184 FRIDERICI
937 158 957 184 Ι.
976 157 1302 184 CONSTITUTIONES.
1337 159 1408 185 1158.
1440 158 1487 184 Nr.
1503 159 1558 184 169.
1583 159 1637 184 170.

466 245 659 276 Fredericus
684 244 744 275 Dei
770 245 874 285 gratia
892 244 1111 275 Romanorum
1136 245 1312 286 imperator
1337 248 1368 275 et
1384 255 1512 286 semper
1529 249 1687 286 augustus
1705 246 1863 278 universis
1882 247 2008 288 imperii

363 297 513 328 fidelibus
539 297 577 327 ad
603 307 683 338 quos
708 297 766 327 hec
792 297 912 338 scripta
936 297 1143 338 pervenerint
1166 297 1302 338 gratiam
1328 307 1418 327 suam
1444 300 1476 327 et
1499 297 1619 328 bonam
1642 297 1854 329 voluntatem.

467 348 562 379 Novit
593 352 699 379 vestre
729 348 933 379 discretionis
964 348 1150 389 prudentia,
1184 349 1335 390 quoniam
1360 359 1408 385 ea,
1438 359 1499 389 que
1524 349 1564 379 ab
1589 349 1722 390 imperio
1747 353 1913 387 tenentur„
1939 351 2007 381 iure

364 400 481 431 feodali
507 400 714 442 possidentur
735 411 795 430 nec
817 410 855 430 ea
881 400 948 430 sine
965 399 1083 430 domini
1101 410 1261 431 consensu
1278 399 1317 430 ad
1336 400 1468 430 alterius
1486 404 1622 441 possunt
1638 400 1803 431 transferri
1821 401 2006 432 dominium.

362 452 587 483 Intelleximus
612 456 729 489 autem,
754 451 840 493 quod
856 451 1078 482 Marsilienses
1102 452 1305 485 beneficium,
1330 451 1413 492 quod
1431 462 1448 482 a
1466 451 1583 482 dilecto
1602 452 1747 494 principe
1765 455 1873 482 nostro
1892 453 2007 483 Arela-

363 505 444 535 tensi
463 504 703 545 archiepiscopo
722 503 887 539 tenebant,
912 503 1019 533 comiti
1036 502 1206 534 Provincie
1224 503 1255 533 in
1274 503 1498 533 concambium
1515 503 1672 540 dederint.
1698 514 1769 534 cum
1788 514 1846 535 nec
1864 508 2007 535 nostrum

364 556 412 586 vel
438 556 673 597 archiepiscopi
698 565 890 586 consensum
915 565 1055 595 unquam
1080 555 1111 585 in
1142 555 1201 585 hac
1227 566 1260 586 re
1290 555 1472 586 habuerint.
1517 555 1612 586 Unde
1637 556 1788 596 quoniam
1814 556 1872 586 hec
1898 567 2007 586 comu-

363 608 440 638 tatio
465 608 568 638 inanis
593 612 642 638 est
668 611 700 638 et
724 608 793 649 ipso
820 607 888 637 iure
912 607 1067 642 irritatur„
1092 617 1163 638 eam
1188 607 1348 648 imperiali
1372 606 1564 637 auctoritate
1591 617 1766 643 cassamus„
1792 608 2009 649 precipientes

363 670 402 689 ne
434 659 562 700 aliquod
597 660 626 689 in
658 659 711 689 illo
743 659 900 689 beneficio
925 658 1168 700 archiepiscopo
1192 658 1248 688 fiat
1272 658 1536 700 impedimentum
1571 662 1602 689 et
1625 658 1703 688 illud
1729 658 1767 688 ad
1791 659 1923 689 alterius
1947 670 2008 690 non

362 712 577 742 transferatur
601 711 786 742 dominium.

514 1001 607 1051 170.
652 998 1040 1052 DONATIO
1087 997 1441 1051 CIROULI
1484 997 1860 1053 DUOIBUS

786 1079 1153 1133 BOEMIAE
1195 1078 1586 1131 INDULTA.

1044 1173 1151 1208 1158.
1180 1173 1258 1208 Ian.
1285 1173 1340 1208 18.

465 1283 614 1313 sistimus
641 1293 679 1312 cr
708 1283 899 1322 autom-(mm
929 1282 1081 1313 tabularii
1105 1282 1359 1314 Vindobomnsis
1389 1281 1470 1321 quod
1492 1281 1655 1321 deserffpsit
1678 1282 1726 1312 vir
1750 1282 1785 1312 el.
1804 1281 1892 1312 Kelu-
1915 1282 2009 1313 Mar-

363 1334 533 1374 lum-flemis.
583 1334 632 1376 (Ὶῖ
653 1336 748 1365 (ancta
766 1334 925 1366 Friderici
948 1335 968 1366 l.
987 1334 1055 1371 III,
1080 1344 1101 1364 ι’.
1121 1336 1159 1364 14
1176 1336 1248 1373 (13)
1265 1334 1309 1364 ed.
1334 1333 1437 1365 Wmsstz
1456 1344 1489 1372 2).
1510 1335 1580 1364 146.
1605 1352 1644 1356 -—
1670 1332 1805 1374 Sfumpf,
1822 1333 1896 1373 Rey.
1914 1334 2006 1364 3795.

1733 1384 1784 1423 (P.
1801 1384 1906 1424 deest.)

465 1454 531 1497 (C.)
586 1455 622 1486 In
641 1456 769 1486 nomine
787 1458 899 1486 sancte
919 1458 949 1486 et
967 1455 1132 1486 individue
1149 1454 1329 1485 Trinitatis.
1366 1453 1550 1485 Fridericus
1568 1453 1676 1484 divina
1691 1453 1819 1484 favente
1835 1454 2009 1485 clementiav

364 1507 538 1548 imperator
562 1507 778 1538 Romanorum
805 1511 971 1548 augustus.
995 1521 1008 1528 ν
1090 1506 1170 1537 Cum
1188 1510 1252 1537 tam
1271 1507 1343 1547 lege
1363 1510 1473 1543 nature
1491 1516 1585 1547 quain
1605 1506 1726 1546 scripta
1745 1505 1864 1536 bonum
1882 1507 2008 1548 operari

362 1570 550 1590 moneamur
575 1559 613 1590 ad
638 1570 759 1596 omnes,
785 1560 938 1601 precipue
963 1570 1029 1597 eos7
1054 1559 1106 1600 qui
1133 1559 1164 1589 in
1188 1558 1479 1589 amministratione
1501 1558 1626 1599 imperii
1644 1561 1675 1588 et
1695 1557 1740 1588 rei
1757 1557 1883 1598 publice
1900 1558 2007 1588 veraci

361 1611 494 1641 consilio
525 1615 555 1641 et
589 1611 751 1642 indefesso
782 1612 900 1642 laboris
931 1611 1036 1641 studio
1062 1611 1154 1641 nobis
1179 1610 1336 1641 assistunt
1369 1613 1400 1640 et
1431 1620 1487 1651 pro
1512 1609 1615 1650 gloria
1644 1608 1771 1650 imperii
1795 1609 2007 1650 propaganda

361 1664 604 1694 strennuissime
637 1663 831 1694 decertando
861 1663 1009 1694 omnibus
1039 1663 1239 1693 inimicorum
1270 1661 1451 1692 incursibus
1481 1664 1512 1691 et
1541 1660 1739 1702 quibuslibet
1763 1661 1912 1702 perieulis
1937 1672 2008 1692 sese

360 1715 514 1749 obiciunt,
540 1716 690 1756 specialis
716 1716 920 1757 prerogativa
944 1715 1075 1745 honoris
1100 1714 1272 1744 sublimare
1298 1713 1429 1754 dignum
1454 1712 1616 1745 duximus.
1641 1716 1676 1742 ut
1700 1712 1739 1742 de
1765 1713 1915 1743 virtutum
1934 1724 2006 1754 pre-

360 1767 431 1796 miis
464 1771 494 1797 ct
524 1766 625 1807 gloria
656 1777 769 1805 corone¹
798 1766 944 1797 diffidere
973 1777 1035 1796 non
1065 1765 1207 1796 debeant
1238 1765 1290 1806 qui
1321 1765 1466 1805 legitime
1500 1764 1703 1795 certaverint.
1750 1763 1886 1795 Noverit
1910 1765 2008 1805 igitur

361 1819 500 1848 omnium
527 1817 643 1849 Christi
669 1819 859 1860 imperiique
884 1819 985 1849 nostri
1010 1817 1152 1848 fidelium
1178 1821 1241 1847 tam
1267 1827 1401 1858 presens
1419 1821 1486 1854 etas
1504 1827 1599 1857 quani
1617 1826 1807 1846 successura
1824 1816 2006 1857 posteritas,

360 1871 499 1911 qualiter
527 1881 585 1900 nos
611 1870 782 1901 Wadizlao
817 1870 932 1901 illustri
965 1873 997 1900 et
1030 1870 1272 1900 strennuissiino
1305 1869 1377 1899 duci
1410 1868 1601 1899 Boemorum
1636 1868 1676 1898 ob
1710 1868 1848 1909 insignia
1879 1869 2004 1899 servicii

360 1933 396 1952 ac
430 1922 609 1952 devotionis
641 1926 704 1952 tam
738 1923 807 1953 cius
838 1932 934 1963 quam
966 1922 1107 1952 omnium
1136 1920 1331 1951 Boemorum
1363 1920 1478 1950 merita
1507 1920 1636 1950 honoris
1669 1920 1805 1960 insigne.
1837 1930 1898 1961 quo
1928 1931 2007 1951 avus

360 1977 392 2004 et
428 1974 524 2004 ceteri
565 1974 787 2015 progenitores
825 1974 893 2004 eius
937 1973 1034 2003 duces
1070 1973 1201 2010 Boemie
1241 1972 1395 2002 beneficio
1436 1971 1610 2012 imperialis
1652 1972 1846 2009 excellentie
1889 1973 2007 2002 ceteris

360 2025 493 2055 ducibus
526 2026 737 2066 preminebat,
773 2026 926 2055 circulum
956 2025 1107 2055 videlicet
1135 2024 1329 2064 gestandum
1359 2023 1576 2054 concessimus
1605 2027 1637 2053 et
1667 2034 1725 2064 per
1755 2034 1826 2054 eum
1859 2023 2007 2053 omnibus

361 2077 621 2108 suceessmibusa
655 2078 720 2107 suis
756 2077 786 2107 in
821 2081 1023 2118 perpetuum.
1080 2075 1293 2107 Decernimus
1328 2076 1435 2116 itaque
1468 2078 1499 2106 et
1533 2075 1753 2115 inrefragabili
1788 2075 1859 2115 lege
1892 2075 2005 2105 statui-

361 2141 441 2164 muS,
466 2134 500 2160 nt
525 2130 622 2160 liceat
647 2130 772 2171 prefato
797 2129 870 2160 (luci
895 2128 1026 2166 Boemie
1051 2128 1220 2159 Wadizlao
1246 2128 1307 2158 illis
1332 2127 1543 2169 temporibus.
1574 2127 1689 2168 quibus
1715 2137 1772 2157 nos
1798 2137 1948 2156 coronam
1974 2130 2006 2156 et

360 2182 509 2212 diadema
534 2182 633 2222 glorie
659 2185 834 2223 portamus,
858 2182 889 2212 in
914 2181 1083 2212 nativitate
1108 2180 1227 2211 domini
1253 2179 1404 2210 videlicet
1421 2182 1453 2210 et
1471 2180 1501 2209 in
1524 2179 1643 2221 pascha
1661 2179 1740 2209 etin
1758 2178 2003 2220 penthecosten.

360 2234 512 2264 circulum
545 2238 683 2275 portare,
713 2237 744 2264 ct
776 2234 913 2275 amplius
947 2234 977 2263 in
1007 2232 1185 2263 festivitate
1218 2232 1368 2262 videlicet
1397 2231 1498 2261 sancti
1525 2230 1681 2261 Venzelai
1714 2234 1746 2261 et
1777 2230 1879 2260 saneti
1904 2229 2004 2260 Adel-

360 2285 454 2318 berti.
479 2297 516 2316 eo
541 2285 623 2326 quod
649 2286 717 2316 illas
742 2286 1000 2327 sollempnitates
1034 2288 1165 2326 propter
1195 2288 1346 2325 patronos
1372 2293 1445 2313 suos
1469 2282 1581 2313 maiori
1606 2282 1788 2313 reverentia
1813 2286 1844 2312 et
1868 2281 2004 2312 celebri-

359 2341 424 2368 tate
449 2341 517 2368 tota
541 2336 705 2379 Boel'mlia
729 2340 911 2368 veneretur.
959 2337 1050 2368 Sicut
1074 2337 1182 2377 itaque
1207 2335 1403 2366 celebratior
1429 2338 1460 2365 et
1485 2335 1646 2376 impositio
1671 2344 1784 2371 corone
1810 2337 1916 2371 nostre
1941 2343 2003 2363 non

360 2388 456 2419 debet
486 2389 553 2420 fieri
586 2390 645 2420 nisi
675 2400 731 2430 per
755 2400 870 2420 manus
894 2389 1207 2430 archiepiscoporum
1233 2391 1264 2418 et
1289 2388 1525 2428 episcoporum,
1557 2386 1601 2416 ita
1625 2385 1751 2427 prefato
1776 2385 1846 2415 duci
1872 2385 2004 2422 Bocmie

360 2452 377 2470 a
403 2441 489 2471 nullo
515 2440 709 2483 honi[in]um
736 2442 873 2472 circulus
899 2441 1082 2482 imponatur
1105 2441 1166 2471 nisi
1191 2451 1209 2470 a
1226 2439 1344 2470 dilecto
1362 2442 1472 2470 nostro
1492 2438 1628 2469 Daniele
1646 2437 1821 2468 venerabili
1838 2436 2004 2477 pragense

361 2493 511 2534 episcopo
543 2497 574 2523 et
605 2493 748 2524 Iohanne
779 2493 996 2523 Olumucense
1036 2493 1190 2534 episcopo
1228 2502 1406 2532 eorumque
1437 2489 1689 2521 successoribus.
1741 2488 1833 2524 Quod
1867 2488 1892 2518 si
1923 2488 2005 2518 forte

361 2544 586 2575 Olumucensis
612 2545 759 2579 desuerit,
790 2545 1015 2575 nichilominus
1040 2544 1213 2585 Pragensis
1238 2554 1295 2585 pro
1328 2543 1405 2574 sede
1431 2546 1464 2572 et
1488 2542 1645 2582 dignitate
1670 2540 1893 2571 excellentiori
1920 2540 2005 2569 vices

361 2597 521 2637 compleat
545 2597 727 2628 amborum:
752 2596 900 2626 similiter
924 2600 1031 2626 autem
1057 2595 1295 2629 Olumueensis,
1322 2595 1347 2625 si
1373 2595 1454 2624 forte
1478 2593 1652 2634 prag-ensis
1677 2592 1824 2622 defuerit.
1873 2590 1922 2620 Ad
1948 2590 2004 2627 hec

360 2648 506 2689 predicto
536 2648 607 2678 duci
634 2648 765 2686 Boemig¹
798 2652 829 2678 et
859 2647 1103 2678 suecessoribus
1135 2648 1203 2678 eius
1236 2647 1382 2677 addimus
1407 2649 1438 2676 et
1463 2645 1671 2675 concedimus
1696 2653 1826 2673 censum
1853 2642 1892 2672 de
1918 2646 2003 2672 terra.

360 2700 504 2730 Polonie.
535 2711 628 2741 quem
662 2704 887 2730 antecessores
918 2700 986 2730 eius
1018 2699 1116 2729 duces
1149 2699 1279 2736 Boemie
1308 2709 1322 2728 a
1351 2698 1486 2728 Polonia
1515 2700 1599 2727 retro
1630 2694 1830 2736 temporibus
1855 2694 2002 2735 accipere

465 2802 527 2828 170.
555 2806 577 2827 a)
599 2804 633 2827 his
653 2804 771 2834 scriplum
792 2813 828 2827 or.
918 2803 943 2833 b)
963 2804 1073 2827 eebratio
1093 2813 1129 2827 or.

2037 722 2060 740 10

2037 1346 2060 1363 15

2034 1620 2059 1638 2ο

2034 1878 2058 1897 25

2034 2140 2058 2158 311

2032 2399 2056 2417 35

2030 2660 2055 2678 40
