2205 3072
112 824 134 841 1ss

86 1124 135 1142 -15

114 1383 138 1402 20

565 164 746 190 FRIDERICI
765 163 785 189 I.
804 162 1127 189 CONSTITUTIONES.
1165 164 1238 190 1159.
1275 164 1392 190 Nr.182.
1733 164 1794 193 253

158 253 241 283 niam
273 255 305 282 et
328 251 547 293 Burgundiam
579 255 610 282 et
634 251 843 292 Aquitaniam
875 251 982 292 apices
1012 255 1138 282 nostros
1164 251 1354 288 direximus7
1386 251 1628 282 universitatem
1652 248 1796 280 fidelium

158 304 217 334 hoc
251 304 331 334 scire
360 304 521 336 volentes.
559 303 642 344 quod
671 303 710 333 ad
743 302 931 333 kathedram
964 303 1045 333 tanti
1074 303 1240 343 regiminis
1277 303 1371 333 aliam
1410 312 1581 344 personam
1610 301 1795 331 nullatenus

158 355 301 396 recipere
325 355 529 393 intendimus,
554 355 613 385 nisi
638 365 731 395 quam
750 354 788 385 ad
812 355 965 384 honorem
983 355 1107 396 imperii
1125 358 1156 385 et
1173 356 1314 396 quietem
1333 365 1369 385 ac
1386 355 1542 384 unitatem
1560 353 1698 384 ecclesie
1715 363 1794 382 una-

159 406 236 436 nimi
268 409 301 437 et
332 406 481 437 concordi
511 417 648 437 assensu
677 405 789 437 fideles
824 406 993 446 elegerint.
1044 406 1122 436 Post
1146 406 1283 437 reditum
1308 417 1384 437 vero
1409 406 1589 446 legatorum
1614 408 1795 435 nostrorum

159 468 346 499 quecunque
371 457 410 488 de
434 459 572 499 negotiis
598 458 723 499 imperii
749 461 780 488 et
805 458 941 488 ecclesie
967 457 1058 488 nobis
1084 458 1260 494 attulerint.
1286 469 1343 499 per
1367 458 1503 488 maiores
1527 457 1654 487 nuntios
1672 459 1797 486 nostros

158 509 303 539 fidelitati
328 513 380 540 tue
406 510 641 540 insinuabimus
665 514 696 539 et
721 520 762 539 ex
787 509 918 539 consilio
943 509 1145 540 discretionis
1170 513 1224 540 tue
1250 510 1401 539 universa
1425 509 1645 539 tractabimus..

261 560 347 591 Data
370 562 401 592 in
425 561 591 592 obsidione
617 560 755 592 Chreme
780 560 871 592 XVI.
894 560 935 592 K.
961 560 1119 591 Octobris.

284 697 358 729 182.
388 697 654 730 ENCYCLICA
682 696 991 728 INVITATORIA
1015 696 1081 728 AD
1109 696 1357 729 EPISCOPOS
1390 695 1679 729 TEUTONICOS.

847 750 961 788 (11:39)
981 750 1042 780 Oet.
1060 750 1111 780 23.

264 811 475 842 ›S'errarermzt
498 811 655 849 am‘inplm·
672 810 872 841 Htw-{maimo
895 811 1031 849 episeopo
1052 810 1244 841 IJ‘ria—svensi
1267 810 1391 840 virissimi
1416 810 1511 841 Gesta
1527 808 1685 839 Fridcre‘ci
1702 807 1721 838 l.
1740 807 1799 843 IV,

160 874 182 893 c.
200 864 240 892 66
256 864 328 902 (50)
352 862 396 892 ed.
420 862 523 893 Waltz
540 864 662 901 212st
710 862 809 901 Signia
833 862 967 892 codicum
991 864 1018 892 rt
1042 863 1251 892 rccensimmm
1274 861 1328 903 (A.
1348 861 1384 892 B.
1402 861 1457 892 B*.
1475 860 1514 902 C)
1540 860 1734 891 retinuimus.
1761 877 1799 881 »-

160 913 295 954 Stumpf,
319 913 392 953 Rey.
410 915 503 944 3568.
1541 911 1594 951 (P.
1612 913 1698 951 118.)

263 1008 471 1039 Fridericus³
501 1009 561 1039 Dei
595 1008 697 1047 gratia
728 1007 944 1039 Romanorum
974 1009 1148 1049 imperator
1180 1012 1211 1038 et
1243 1019 1372 1049 semper
1395 1010 1552 1047 augustus
1578 1006 1800 1037 Hartmannob

163 1060 347 1092 Brixinensi
372 1061 524 1102 episcopo
550 1061 704 1091 salutemc
729 1064 760 1090 et
784 1071 876 1091 omne
902 1061 1029 1091 bonum.

265 1112 359 1148 Quod
390 1113 419 1143 in
454 1113 604 1154 passione
634 1122 691 1142 sua
717 1112 864 1142 Christus
895 1112 1021 1142 duobus
1053 1112 1169 1153 gladiis
1199 1116 1369 1142 contentus
1395 1110 1484 1145 fuitd.
1510 1110 1568 1140 hoc
1599 1110 1630 1140 in
1655 1109 1803 1139 Romana

163 1166 322 1197 aecclesia
352 1168 383 1195 et
413 1165 443 1195 in
474 1165 607 1206 imperio
638 1164 802 1194 Romanoe
835 1164 993 1194 credimus
1023 1164 1158 1194 mirabili
1190 1163 1390 1205 providentia
1420 1162 1619 1198 declarasse,
1651 1172 1721 1191 cum
1748 1171 1804 1202 per

162 1217 242 1248 haec
273 1217 334 1247 duo
366 1227 471 1247 rerum
501 1217 607 1257 capita
636 1220 667 1246 ct
700 1216 857 1257 principia
885 1220 970 1246 totns
1001 1215 1136 1246 mundus
1169 1220 1232 1246 tani
1263 1216 1294 1245 in
1327 1215 1441 1245 divinis
1471 1224 1565 1254 quam
1596 1214 1627 1243 in
1656 1213 1803 1243 humanis

163 1269 338 1300 ordinetur.
386 1268 530 1309 Cumque
555 1278 636 1298 nnus
662 1267 762 1301 Deus,
795 1279 874 1297 unus
902 1279 994 1309 papa,
1024 1278 1107 1297 unus
1133 1268 1307 1309 imperator
1331 1267 1469 1297 sufficiat
1501 1269 1533 1296 et
1556 1276 1618 1295 una
1643 1264 1803 1295 aecclesia

163 1321 224 1352 Dei
257 1332 327 1351 esse
357 1320 488 1357 debeat,
521 1319 603 1361 qnod
635 1320 702 1349 sine
732 1319 842 1350 dolore
868 1319 990 1350 cordiss
1012 1319 1119 1350 dicere
1144 1330 1205 1349 non
1231 1329 1415 1360 possumus.
1448 1317 1527 1348 duos
1552 1317 1747 1358 apostolicos
1773 1317 1803 1346 in

165 1373 308 1404 Romana
338 1373 493 1402 aecclesia
525 1372 644 1402 habere
676 1371 829 1402 videmur.
882 1371 1043 1402 Defuncto
1074 1372 1181 1412 itaque
1207 1371 1349 1401 Adriano
1380 1381 1463 1412 papa
1492 1370 1523 1399 in
1554 1368 1710 1399 Kalendis
1744 1368 1802 1398 Se—

164 1424 309 1465 ptembr.,
327 1423 518 1455 cardinales.
537 1424 588 1464 qui
607 1424 795 1464 columpnae
814 1423 994 1453 immobiles
1012 1434 1082 1453 esse
1098 1423 1288 1454 videbantur
1307 1422 1421 1463 quibus
1440 1425 1550 1452 sancta
1568 1424 1599 1451 et
1613 1419 1804 1450 universalis

164 1476 344 1506 firmissime
381 1476 569 1506 inniteretur
598 1476 771 1509 aecclesia,
804 1486 864 1505 non
894 1486 975 1516 quae
1006 1475 1066 1506 Dei
1096 1479 1183 1513 sunt,
1215 1474 1271 1505 sed
1300 1485 1356 1504 sua
1389 1478 1560 1514 querentes
1591 1477 1622 1502 et
1646 1472 1803 1502 unitatem

164 1528 340 1558 aecclesiae
371 1527 569 1559 scindentes,
599 1526 678 1557 duos
713 1527 882 1568 pontifices
915 1527 1081 1567 elegerunt
1106 1530 1137 1557 et
1162 1526 1273 1557 ambos
1299 1529 1580 1556 consecraverunt.
1628 1523 1689 1554 Pro
1715 1527 1804 1554 tanta

165 1590 301 1621 namque
327 1584 358 1610 et
382 1584 445 1610 tam
471 1580 652 1621 perniciosa
677 1579 857 1609 aecclesiae
883 1580 1004 1609 iactura
1026 1584 1092 1609 tota
1110 1579 1257 1609 nimirum
1276 1578 1390 1609 Italica
1411 1577 1570 1608 aecclesia
1588 1575 1804 1611 conturbatur,

117 1642 140 1660 25
167 1636 198 1662 et
221 1632 451 1669 dissensiones,
476 1631 626 1661 scismate
652 1635 719 1661 orto
744 1631 773 1660 in
796 1631 910 1672 capite.
936 1631 997 1661 iam
1017 1632 1046 1661 in
1065 1631 1214 1661 inferiora
1233 1630 1377 1661 membra
1394 1629 1629 1660 defluxissentg
1655 1632 1686 1658 et
1704 1630 1805 1657 totum

119 1901 142 1918 30

122 2421 146 2438 «io

126 2728 149 2746 45

166 1684 343 1714 aecclesiae
374 1694 487 1724 corpus
517 1682 756 1717 defedassentss,
787 1683 847 1713 nisi
878 1694 933 1713 nos
960 1683 1089 1713 consilio
1116 1687 1147 1713 et
1172 1682 1291 1713 auxilio
1318 1681 1552 1722 relligiosorum
1580 1680 1726 1715 virorum,
1753 1678 1805 1719 qui

168 1736 282 1777 spiritu
312 1735 374 1766 Dei
407 1738 560 1775 aguntur.
592 1738 657 1764 tam
690 1735 870 1775 impudicae
900 1735 1058 1775 iniquitati
1088 1735 1234 1765 iusticiae
1267 1734 1406 1774 rigorem
1436 1732 1713 1774 opposuissemus.
1759 1729 1807 1759 Ne

167 1788 273 1828 itaque
298 1788 329 1817 in
355 1790 463 1818 tantae
489 1787 672 1817 discrimine
698 1786 877 1817 discordiae
902 1787 1090 1817 universalis
1108 1786 1267 1817 aecclesia
1292 1784 1466 1827 periclitari
1492 1784 1602 1825 possit,
1628 1783 1807 1813 Romanum

168 1839 347 1880 imperium,
380 1838 464 1880 quod
498 1838 536 1869 ad
572 1838 748 1868 remedium
785 1843 846 1869 tam
884 1839 1055 1880 perniciosi
1089 1838 1189 1868 morbi
1220 1838 1329 1868 divina
1358 1836 1530 1867 clementia
1562 1834 1707 1876 providit,
1739 1833 1807 1864 uni-

170 1901 332 1922 versorum
358 1891 451 1921 saluti
478 1890 573 1921 debet
598 1891 733 1921 sollicite
759 1890 926 1932 providere
952 1894 993 1922 et.
1020 1900 1058 1920 ne
1079 1893 1168 1920 tanta
1190 1890 1273 1920 mala
1292 1889 1322 1919 in
1340 1888 1498 1919 aeeclesia
1516 1886 1577 1917 Dei
1596 1886 1809 1927 premineant7

169 1943 280 1973 futuris
305 1943 433 1973 casibus
465 1943 614 1973 sollerter
646 1942 785 1973 obviare.
833 1941 1028 1972 Coa'dunatis
1059 1942 1167 1983 itaque
1192 1942 1223 1971 in
1248 1951 1345 1971 unum
1372 1939 1519 1970 omnibus
1546 1938 1719 1979 episcopis,
1745 1941 1809 1967 tam

168 1994 288 2025 Italicis
313 2006 407 2036 qnam
432 1994 630 2027 Teutonicis,
661 1995 863 2035 caeterisque
890 1993 1088 2035 principibus
1117 2004 1152 2023 ac
1178 1993 1252 2023 viris
1279 1991 1460 2032 relligiosis,
1486 1991 1537 2032 qui
1563 1990 1665 2020 zelum
1691 1989 1754 2019 Dei
1779 1992 1810 2019 et

170 2047 347 2077 aecclesiae
373 2046 492 2077 habere
518 2046 724 2079 videbantur,
755 2045 839 2086 quod
864 2046 949 2076 facto
974 2056 1053 2086 opus
1078 2049 1164 2076 esset
1188 2044 1360 2085 diligenter
1385 2042 1663 2083 investigavimus,
1689 2051 1729 2071 ex
1755 2039 1809 2070 de-

172 2099 267 2129 cretis
291 2098 510 2129 Romanorum
537 2098 721 2139 pontificum
747 2102 778 2128 et
803 2099 932 2128 statutis
964 2098 1141 2128 aecclesiae
1167 2097 1324 2127 veraciter
1349 2095 1544 2135 accipientes
1574 2092 1673 2134 quod,
1699 2095 1810 2122 exorto

134 2170 144 2179 s
173 2151 324 2181 scismate
349 2151 380 2180 in
404 2150 551 2180 Romana
576 2150 735 2180 aecclesia
761 2161 800 2180 ex
830 2150 963 2180 (luorum
989 2149 1235 2190 apostolicorum
1260 2147 1472 2182 dissensione,
1503 2145 1615 2176 ambos
1642 2155 1756 2174 vocare
1782 2147 1813 2173 et

172 2202 348 2233 seeundum
373 2202 566 2233 sententiam
592 2206 623 2232 et
649 2201 817 2231 eonsilium
843 2201 1095 2232 orthodoxorum
1121 2200 1209 2231 litem
1235 2199 1384 2230 decidere
1409 2198 1612 2228 deberemus.
1660 2195 1710 2225 Ex
1736 2206 1811 2225 eon-

172 2254 240 2284 silio
266 2254 373 2295 itaque
399 2254 538 2284 omnium
565 2254 617 2294 qui
640 2253 774 2284 aderant
792 2253 1017 2294 episcoporui.i
1036 2256 1301 2292 caeterorumque
1327 2250 1503 2292 principum
1523 2249 1642 2279 curiam
1661 2247 1811 2287 sollemp-

172 2315 244 2336 nem
274 2309 305 2337 et
334 2305 519 2346 generalem
544 2309 736 2335 conventum
762 2305 901 2335 omnium
926 2305 1241 2335 aecclesiasticorum
1267 2304 1403 2333 virorum
1428 2302 1458 2331 in
1483 2304 1596 2331 octava
1621 2299 1810 2340 epiphaniae
1826 2306 1915 2326 lauris.

173 2356 293 2398 Papiae
327 2356 552 2388 celebrandam
589 2356 772 2391 indiximus„
808 2356 847 2386 ad
882 2367 976 2397 quam
1010 2356 1122 2386 ambos
1159 2356 1211 2396 qui
1243 2366 1276 2385 se
1307 2354 1416 2385 dicunt
1448 2353 1610 2383 Romanos
1646 2350 1813 2392 pontifices

173 2408 376 2439 vocavimush
410 2418 585 2448 omnesque
617 2408 786 2448 episcopos
816 2408 941 2448 imperii
974 2408 1073 2438 nostri
1107 2411 1138 2437 et
1166 2407 1302 2437 aliorum
1327 2415 1510 2446 regnorum7
1542 2402 1700 2433 Franciae
1726 2400 1813 2431 vide-

173 2459 258 2496 licet,
288 2461 438 2501 Angliae,
466 2459 647 2501 Hispaniae
678 2463 773 2500 atque
801 2458 979 2500 Ungariae,
1011 2462 1045 2488 ut
1078 2469 1189 2489 eorum
1219 2458 1249 2487 in
1275 2457 1439 2498 presentia
1464 2458 1574 2485 nostra
1598 2454 1680 2483 iusto
1705 2452 1812 2482 decla-

174 2516 260 2542 retur
290 2513 454 2549 examine,
486 2512 556 2553 quis
586 2511 713 2541 illorum
746 2511 891 2552 regimen
921 2510 1113 2541 universalis
1145 2509 1323 2540 aecclesiae
1349 2507 1388 2538 de
1420 2508 1487 2537 iure
1513 2505 1632 2536 debeat
1657 2504 1815 2534 obtinere.

175 2562 258 2598 Quia
282 2574 356 2595 vero
389 2563 429 2594 ad
458 2564 615 2594 unitatem
645 2563 825 2593 aecclesiae
850 2562 1089 2593 reformandam
1115 2559 1286 2603 sapientiai
1315 2559 1487 2590 admodum
1513 2556 1605 2587 nobis
1631 2555 1815 2586 necessaria

175 2618 233 2651 est,
267 2619 301 2646 ut
333 2626 371 2646 ea
402 2626 607 2657 nequaquam
639 2625 748 2645 carere
778 2615 958 2651 valeamus,
995 2614 1200 2645 dilectionem
1234 2616 1321 2642 tuam
1353 2610 1569 2642 attentissime
1602 2617 1752 2648 rogamus
1784 2610 1816 2637 et

280 2718 342 2744 182.
367 2722 390 2749 ³)
409 2720 436 2743 F.
448 2719 478 2742 A.
550 2718 573 2747 ὓ)
594 2718 670 2746 N..1;
690 2718 846 2742 Hei-imanno
863 2717 958 2742 [¹1:22.
1031 2723 1053 2742 ὃν
1073 2718 1181 2742 salntem
1204 2730 1232 2732 —
1254 2716 1347 2739 bonum
1368 2715 1418 2738 des.
1434 2714 1463 2737 A.
1542 2711 1566 2734 (Γ)
1587 2715 1632 2735 etc.
1653 2710 1713 2734 add.
1726 2710 1758 2739 A,
1778 2710 1819 2733 ubi

176 2763 275 2793 reliqua
294 2762 388 2786 desunt.
494 2766 516 2782 (Ἣ
533 2762 600 2785 deest
612 2763 637 2785 ζ’.
742 2759 765 2785 f)
784 2761 853 2784 deest
870 2760 925 2785 BL).
945 2761 993 2784 B&
1016 2760 1070 2785 (¹⁵2.
1176 2761 1199 2786 ἐξ)
1221 2760 1255 2782 [ιιι
1268 2759 1315 2784 Β”;
1336 2757 1482 2782 defluxisset.
1503 2769 1531 2771 —
1552 2755 1691 2778 desudasset
1711 2753 1734 2776 B
1747 2752 1770 2776 2).
1792 2752 1810 2776 C

179 2803 203 2837 h)
224 2805 371 2829 vocabimus
387 2805 412 2829 C.
500 2803 516 2831 i)
537 2809 580 2829 tna
601 2804 661 2829 add.
675 2804 722 2827 B·.
