2205 3072
307 185 366 212 554
404 168 410 173 ⁷
652 178 825 205 cumonu
846 178 904 203 vu.
924 177 1124 203 concinium
1144 177 1338 203 ROMANUM.
1378 177 1451 203 1080.
1487 177 1607 204 N1·.390.

308 267 577 299 observabuntur,
602 265 662 295 nisi
688 267 841 306 quantum
867 275 909 295 ex
926 266 1035 294 vestra
1053 266 1168 294 certam
1193 263 1323 293 licentia
1348 263 1539 293 remanserit
1556 264 1607 294 vel
1625 269 1692 294 exffl
1717 264 1949 305 impedimento

308 319 463 359 legitimo.
489 318 612 348 scilicet
640 320 743 347 morte
767 316 818 346 vel
843 315 934 356 gravi
959 315 1144 346 infirmitate
1168 314 1220 345 vel
1245 314 1394 355 captione
1419 314 1487 345 sine
1512 314 1596 346 dolo.

411 373 439 400 5.
472 369 797 400 Sacramentum¹¹
827 367 1124 408 archiepiscopi
1158 365 1439 407 Aquileiensis.

412 421 535 452 Iuravit
558 421 634 451 item
659 419 774 450 eodem
798 422 944 460 tempore
962 417 1226 459 archiepiscopus
1244 417 1465 458 Aquileiensis
1483 417 1658 449 Heinricus
1676 418 1853 450 secundum
1870 419 1950 450 haec

308 473 422 504 verba:
449 472 510 502 ‘Ab
535 471 595 502 hac
620 471 699 502 hora
723 474 755 501 et
779 471 909 501 inantea
933 469 1037 500 fidelis
1062 479 1116 500 ero
1143 472 1174 499 et
1191 467 1368 499 oboediens
1391 468 1487 499 beato
1504 469 1604 500 Petro
1622 472 1654 500 et
1670 480 1773 511 papae
1791 470 1950 512 Gregorio

309 525 439 564 suisque
470 523 723 559 successoribus,
756 522 809 563 qui
843 532 900 563 per
930 521 1081 552 meliores
1107 519 1289 551 cardinales
1317 520 1517 552 intraverint.
1564 520 1635 552 Non
1661 527 1735 552 ero⁰
1761 522 1793 552 in
1818 522 1952 553 consilio

309 586 411 616 neque
436 575 467 605 in
494 575 590 612 facto,
615 578 649 605 ut
666 575 765 605 vitam
782 576 837 604 aut
853 573 999 604 membra
1015 576 1071 603 aut
1087 575 1241 613 papatum
1259 571 1406 612 perdant,
1432 575 1487 602 aut
1505 572 1591 614 capti
1609 573 1672 603 sint
1688 573 1774 604 mala
1791 573 1952 615 captione.

309 627 358 658 Ad
387 626 554 668 synodum,
587 625 626 656 ad
658 635 751 666 quam
780 635 832 656 me
864 624 1025 655 vocabunt
1049 624 1099 654 vel
1131 633 1189 665 per
1223 633 1257 653 se
1282 623 1333 654 vel
1363 633 1420 664 per
1452 633 1527 654 suos
1558 624 1694 655 nuncios
1718 625 1771 656 vel
1795 635 1853 666 per
1877 635 1953 656 suas

309 679 442 710 litteras.
478 677 603 708 veniam
644 680 676 708 et
709 676 861 707 canonice
897 675 1064 706 oboediam
1099 678 1164 713 aut,
1201 674 1226 705 si
1264 684 1327 704 non
1364 677 1488 716 potero,
1523 675 1648 716 legatos
1688 687 1776 707 meos
1815 676 1951 708 mittam.

309 730 467 771 Papatum
491 728 672 759 Romanum
697 731 729 758 et
753 728 875 769 regalia
899 727 1001 758 sancti
1025 727 1114 758 Petri
1139 726 1267 757 adiutor
1291 736 1345 756 ero
1371 726 1410 757 ad
1444 726 1617 758 tenendum
1643 730 1675 759 et
1699 727 1949 767 defendendum,

310 782 398 812 salvo
424 792 494 812 meo
520 780 641 811 ordine.
689 780 866 811 Consilium
884 789 970 815 vero,
995 778 1079 820 quod
1104 777 1200 808 michi
1225 777 1420 808 crediderint
1444 789 1502 820 per
1525 789 1559 810 se
1581 782 1637 810 aut
1653 789 1710 820 per
1726 779 1861 810 nuncios
1880 790 1954 810 suos

309 834 374 863 sive
405 843 461 874 per
495 832 629 868 litteras,
666 831 745 862 nulli
778 830 917 872 pandam
950 840 1001 861 me
1033 829 1156 860 sciente
1179 828 1220 859 ad
1244 839 1355 859 eorum
1380 829 1542 862 damnum.
1588 830 1747 871 Legatum
1772 830 1953 862 Romanurn

309 883 414 915 eundo
448 887 479 914 ct
510 882 676 914 redeundo
707 883 880 913 honorifice
911 882 1058 913 tractabo
1083 885 1115 913 et
1140 882 1171 912 in
1196 881 1445 912 necessitatibus
1471 881 1536 912 suis
1560 881 1731 913 adiuvabo.
1778 881 1849 915 His.
1875 892 1954 923 quos

310 935 497 965 nominatim
528 934 888 972 excommunicaverint,
923 934 1066 964 scienter
1094 944 1158 964 non
1189 932 1442 964 communicabo.
1494 932 1674 964 Romanam
1700 933 1872 964 ecclesiam
1897 943 1953 974 per

311 987 510 1018 saecularem
540 986 685 1016 militiam
717 985 854 1016 fideliter
883 985 1052 1023 adiuvabo,
1085 995 1155 1016 cum
1186 985 1337 1015 invitatus
1366 984 1467 1015 fuero.
1516 984 1607 1016 Haec
1632 985 1738 1016 omnia
1761 984 1952 1021 observabo,

310 1039 370 1070 uisi
395 1042 549 1080 quantum
574 1048 633 1068 sua
657 1041 746 1068 certa
769 1038 899 1068 licentia
924 1036 1136 1068 remanserit'.

413 1092 442 1121 6.
468 1089 747 1120 Excommunieati
776 1092 849 1120 sunt
881 1090 913 1119 in
942 1088 1056 1120 eadem
1088 1087 1209 1130 synodo
1235 1088 1304 1118 sine
1330 1098 1387 1129 spe
1413 1088 1666 1129 recuperationis
1691 1088 1956 1130 archiepiscopus

310 1142 532 1172 Narbonensis
544 1142 563 1175 ¹,
587 1141 751 1172 Tedaldus
769 1141 872 1171 dictus
890 1140 1154 1182 archiepiscopus
1172 1139 1437 1174 Mediolanensis,
1461 1139 1642 1180 Sigifredus
1660 1139 1764 1171 dictus
1783 1140 1956 1181 episcopus

310 1194 536 1224 Bononiensis.
561 1192 728 1223 Rolandus
753 1192 976 1229 Tarvisicnsis,
1001 1192 1076 1222 item
1103 1191 1247 1233 episcopi
1273 1190 1464 1221 Firmanus2
1490 1194 1522 1222 et
1540 1191 1761 1223 Camerinus³z
1787 1191 1819 1222 hi
1844 1202 1955 1222 omncs

311 1256 381 1275 cum
409 1244 601 1286 sequacibus
626 1244 701 1281 suis,
727 1248 791 1274 tam
817 1244 940 1274 clericis
965 1254 1060 1285 quam
1087 1244 1183 1274 etiam
1208 1243 1310 1274 laicis.

415 1298 442 1326 7.
475 1296 768 1326 Sacramentum
800 1295 1014 1336 Regiensis
1048 1295 1235 1336 episcopi.

414 1347 494 1388 ‘Ego
527 1346 708 1377 Gandulfus
740 1346 940 1387 Regiensem
969 1347 1193 1388 episcopatum
1225 1349 1337 1376 contra
1369 1345 1573 1376 interdictum
1603 1349 1745 1376 vestrum
1777 1348 1833 1376 aut
1858 1346 1956 1376 vestri

311 1400 409 1440 legati
440 1402 512 1429 octo
544 1398 659 1429 dicbus
692 1409 753 1428 non
785 1398 916 1433 tenebo;
952 1408 1056 1439 neque
1086 1398 1194 1439 aliquo
1224 1397 1385 1428 inveniam
1420 1397 1535 1434 studio,
1568 1407 1630 1438 quo
1660 1400 1768 1428 vestre
1801 1397 1956 1437 legationi

311 1451 492 1481 resistatur.
541 1450 594 1480 Sic
620 1460 669 1480 mc
695 1449 785 1480 Deus
810 1449 940 1480 adiuvet
964 1453 995 1481 et
1021 1450 1099 1480 haec
1124 1459 1216 1480 sacra
1240 1447 1433 1489 euangelia'.

460 1739 561 1788 390.
595 1738 694 1788 391.
736 1734 1143 1789 GREGORH
1177 1735 1297 1788 VH.
1339 1734 1815 1788 CONCILIUM

909 1812 1364 1866 ROMANUM.

995 1907 1103 1942 1080.
1132 1907 1237 1943 Mart.
1256 1907 1289 1942 7.

426 2006 502 2037 390.
536 2006 813 2037 PlzoPos'lTIo
841 2006 1055 2038 JcUDoLFI
1084 2006 1229 2038 REGIS
1259 2005 1322 2037 ET
1348 2004 1621 2038 PRINCIPUM
1648 2003 1850 2035 IMPERII.

420 2067 595 2097 lidiche-ant
621 2066 791 2097 (baldas—tus
821 2067 1074 2097 ‘Constitutimws
1104 2066 1288 2105 imperiale&
1316 2067 1339 2103 I,
1355 2068 1428 2103 240,
1460 2065 1531 2097 dein
1556 2065 1699 2096 Labbcus
1729 2066 1758 2095 ct
1784 2063 1960 2095 cossartius

316 2120 346 2148 iu
375 2118 554 2150 Collectiom:
577 2118 773 2149 conciliorum
798 2119 838 2151 Χ,
858 2119 939 2148 1830
963 2119 1017 2157 (=
1040 2118 1152 2149 IlImzsi
1175 2117 1248 2155 XX,
1266 2118 1353 2155 536),
1381 2117 1482 2148 nescio
1505 2127 1564 2156 quo
1587 2127 1601 2147 c
1622 2117 1715 2155 sonte,
1739 2115 1794 2146 sub
1819 2114 1959 2145 rubrica:

316 2170 478 2211 Rudolphi
504 2170 588 2210 regis
612 2169 832 2200 Romanorum
858 2173 890 2200 et
918 2169 1098 2211 principum
1122 2169 1247 2211 imperii
1277 2169 1453 2211 propositio
1479 2169 1510 2199 in
1535 2167 1657 2209 syuodo
1681 2167 1826 2198 Romana
1850 2169 1961 2197 contra

317 2222 493 2252 Heni-icum
519 2221 574 2251 IV.
601 2221 835 2262 imperatorem.
884 2220 1009 2260 Recepit
1031 2231 1148 2260 quoque
1172 2223 1401 2252 monumentum
1428 2222 1568 2251 nostrum
1590 2219 1714 2250 Paulus
1736 2217 1962 2249 Bernridcnsis

318 2273 351 2303 ιή
381 2273 480 2303 Vitam
515 2272 660 2311 (tregua-ii
684 2272 756 2303 VII.
786 2282 852 2311 cap.
874 2273 935 2301 106
963 2272 1026 2311 (ed.
1052 2272 1179 2303 Gretscr
1202 2283 1236 2311 1».
1256 2274 1350 2312 233);
1384 2274 1417 2302 at
1452 2282 1547 2311 neque
1583 2281 1621 2301 ea:
1655 2270 1786 2300 ediffione
1822 2268 1962 2300 Gretscri

318 2335 413 2364 mque
436 2337 450 2353 ιτ
474 2324 571 2354 rodim}
596 2323 693 2353 Pauli
719 2323 889 2355 Goldastus
912 2326 939 2353 ct
962 2323 1104 2354 Labbeas
1136 2324 1265 2354 haurire
1293 2325 1446 2363 poterant,
1476 2323 1550 2362 quia
1577 2323 1609 2352 in
1631 2324 1760 2360 utroque
1783 2320 1868 2351 linea
1890 2322 1961 2350 tem-

314 2377 402 2415 poris
419 2375 642 2406 desideratur&
678 2375 835 2405 Postremo
852 2375 1019 2405 ll'atterirh
1037 2375 1233 2414 ‘Pontificwn
1250 2375 1460 2406 Romanorum
1485 2374 1581 2404 Vitae'
1598 2373 1626 2410 I,
1638 2374 1703 2403 437
1720 2371 1960 2412 propositionem

317 2428 400 2458 dedit
428 2437 495 2457 cnm
524 2426 617 2456 rubro
640 2427 870 2465 aliquantispm·
893 2428 1030 2456 matat0³
1053 2429 1080 2456 et
1103 2437 1170 2457 cum
1194 2427 1278 2457 linea
1302 2426 1454 2466 temporis,
1482 2425 1602 2456 adiecta
1625 2423 1839 2455 adnotatione:
1869 2423 1961 2453 Haec

319 2480 470 2520 leguntur
494 2479 523 2508 in
549 2478 687 2519 registro
713 2478 768 2510 Gr.
793 2481 862 2519 post
888 2477 1000 2518 synodi
1025 2482 1107 2508 acta.
1146 2478 1213 2508 Hoc
1230 2480 1306 2508 certe
1327 2478 1448 2519 falsum
1467 2478 1527 2514 est:
1550 2486 1647 2515 neque
1670 2475 1703 2505 in
1721 2474 1852 2504 editione
1869 2474 1963 2511 Iaffdi

320 2541 414 2569 uersam
440 2531 471 2560 in
496 2530 627 2560 editione
647 2529 790 2568 principe
814 2529 1066 2567 (Romae1591;
1096 2531 1164 2559 tom.
1190 2529 1255 2565 HI,
1277 2530 1355 2565 305)
1380 2529 1458 2559 tatia
1483 2528 1637 2567 loquutur.
1683 2524 1837 2564 Equidem
1861 2525 1962 2555 virum

319 2582 347 2612 d.
372 2581 541 2613 ll'uttere'rtt
565 2581 714 2611 adhibitis
736 2580 923 2611 editionibus
938 2580 1055 2611 Labbei
1078 2583 1105 2610 ct
1125 2581 1266 2612 Grctseri
1290 2580 1419 2611 rubrum
1442 2581 1470 2609 ct
1486 2579 1614 2609 nentina
1633 2577 1767 2616 propria
1784 2585 1839 2606 Suo
1855 2575 1962 2606 Marte

322 2634 459 2664 variasse
482 2632 672 2663 crediderim.
1685 2628 1736 2667 (P.
1753 2627 1858 2667 deest.)

384 2720 387 2722 ’
422 2710 486 2735 389.
514 2712 544 2740 ¹¹¹)
564 2709 630 2733 deest
648 2708 672 2733 2.
759 2709 784 2739 u)
804 2710 932 2741 sequentia
951 2709 976 2733 ἰη.
994 2710 1047 2733 solo
1070 2709 1090 2733 l.
1180 2710 1203 2741 υ)
1223 2718 1282 2741 ergo
1305 2709 1327 2734 1.

425 2778 447 2802 1Ἲ
472 2777 579 2806 Petrus,-
597 2778 630 2809 ef.
648 2786 674 2809 p.
687 2781 744 2803 5:30¹.
814 2777 841 2805 2>
862 2776 1050 2808 Grisforamts.
1121 2777 1146 2802 3]
1168 2776 1246 2808 Huflo
1262 2776 1283 2800 I.
1358 2776 1385 2806 4>
1405 2775 1445 2801 De
1462 2774 1545 2801 codice
1565 2782 1584 2800 v.
1605 2773 1749 2800 Watterieh
1768 2773 1791 2805 Ι,
1803 2776 1851 2799 538
1869 2775 1923 2798 not.
1937 2775 1959 2799 3.

320 2821 346 2851 ὃ)
367 2820 521 2853 propositis»
542 2820 648 2846 Rudolti
670 2820 741 2852 regis
760 2823 805 2845 etc.

1980 737 2003 755 10

1984 993 2005 1010 15

1987 2130 2012 2148 ³0

1987 2387 2011 2405 ³5

1989 2642 2029 2660 40Ἰ
