2205 3072
158 766 179 782 ΠΙ

157 1027 177 1045 [5.

614 207 793 233 FRlDERlCI
814 208 831 233 I.
852 207 1172 234 CONSTITU'I'IONES.
1211 210 1286 236 1181).
1322 210 1368 236 Nr.
1383 210 1442 236 324.
1786 215 1846 244 463

208 291 271 321 Sed
296 291 533 333 impedimentis
558 293 854 325 intervenientibus.
879 305 940 335 que
958 295 1031 325 viva
1048 306 1125 326 voce
1142 295 1259 327 latores
1279 298 1487 337 presentium,
1514 297 1553 328 H.
1574 298 1751 340 imperialis
1769 299 1843 330 aule

208 343 446 383 protonotarius
471 347 503 374 et
527 344 652 375 nobiles
678 345 735 375 viri
758 344 825 376 Leo
850 345 889 376 de
907 345 1115 377 monumento
1140 358 1176 377 ac
1194 347 1351 379 Gerlacus
1370 349 1409 379 de
1427 349 1600 385 Isembure,
1628 350 1716 381 vobis
1737 351 1839 392 expli-

208 394 335 431 cabunt,
367 394 509 425 nundum
540 396 648 427 venire
680 396 851 437 potuimus.
898 397 978 427 Cum
1010 398 1118 438 itaque
1144 398 1182 428 dc
1208 399 1305 429 vestri
1331 401 1511 431 constantia
1542 402 1698 442 propositi
1723 403 1843 433 nullam

209 452 338 486 prorsus
374 445 605 477 dubitationem
642 448 867 489 concipiamus,
902 450 1129 490 paternitatem
1161 453 1298 481 vestram
1333 461 1404 481 eum
1438 452 1527 482 filiali
1552 453 1669 483 affectu
1695 464 1845 494 rogamus

207 497 371 534 attentius,
403 498 552 538 quatinus
582 499 698 529 litteris
724 500 838 530 vestris
869 500 960 530 nobis
991 501 1106 531 iterum
1136 501 1292 535 indicetis,
1323 502 1405 543 quod
1432 503 1463 533 in
1493 504 1576 534 facto
1607 509 1842 545 prememorate

207 549 421 580 coronationis
456 550 501 580 ita
534 550 726 591 procedatis,
760 551 935 581 seeundum
968 551 1052 592 quod
1088 552 1136 582 ius
1169 556 1200 583 et
1225 553 1422 584 consuetudo
1452 555 1491 585 ab
1516 556 1646 596 antiquo
1674 567 1775 597 usque
1803 557 1842 587 ad

207 604 350 642 tempora
380 601 439 632 hec
469 605 543 632 sunt
572 601 737 635 devoluta:
769 606 889 633 certum
917 603 1074 634 habentes
1100 614 1136 634 ac
1162 604 1298 639 firmum,
1329 605 1412 646 quod
1438 617 1494 637 nos
1526 607 1711 648 paternitati
1737 611 1842 639 vestre

206 653 378 693 plurimum
409 654 537 694 placere
568 654 780 693 studebimus,
813 665 981 696 personam
1018 660 1157 686 vestram
1182 667 1218 687 ac
1248 657 1381 688 fratrum
1407 662 1586 689 vestrorum
1611 659 1842 691 venerabilium

208 703 417 735 cardinalium
444 705 566 736 sincere
591 706 752 746 diligendo
777 710 808 736 et
832 710 974 737 sanctam
998 707 1177 738 Romanam
1203 709 1374 739 ecelesiam
1401 710 1430 739 in
1456 710 1541 740 omni
1566 711 1634 741 iure
1658 722 1714 742 suo
1732 711 1843 742 defen—

208 755 321 793 dendo,
351 756 534 798 ampliando
564 761 595 787 et
623 757 870 793 manutenendo,
902 759 1004 799 parati
1034 759 1131 790 etiam
1165 770 1202 790 ea
1233 760 1338 791 facere
1371 761 1401 791 in
1427 762 1633 793 coronatione
1658 764 1843 804 recipienda

206 818 267 848 que
292 809 517 839 serenissimus
542 813 633 850 pater
656 813 766 840 noster
790 809 825 839 F.
850 809 1071 841 Romanorum
1102 811 1277 852 imperator
1302 816 1456 853 augustus
1481 817 1513 844 et
1537 814 1591 844 alii
1615 817 1841 845 antecessores

206 860 305 890 nostri
330 859 425 891 beato
449 860 546 891 Petro
577 864 608 892 et
631 861 776 891 Romane
808 862 944 892 ecclesie
973 863 1081 893 facere
1111 863 1151 893 ab
1177 863 1309 905 antiquo
1335 869 1583 896 consueverunt.
1631 866 1780 896 Ceterum
1806 877 1845 897 ea

204 921 264 951 que
298 912 465 953 prescripti
496 913 597 943 nuntii
628 914 723 943 nostri
754 924 795 943 ex
828 916 918 954 parte
947 918 1056 944 nostra
1081 915 1170 945 vobis
1202 915 1353 946 dixerunt
1386 917 1520 956 firmiter
1548 917 1686 948 credatis
1720 921 1752 947 et
1787 929 1843 948 eos

204 974 297 1004 quam
323 963 416 994 citius
441 964 510 994 fieri
535 965 653 1005 poterit
678 965 860 995 eelsitudini
886 968 994 995 nostre
1021 966 1190 997 remittatis
1215 967 1397 1008 expeditos.

309 1015 427 1046 Datum
445 1016 603 1056 Veingen,
628 1016 737 1047 Xllll.
763 1016 929 1048 Kalendas
955 1017 1042 1048 Maii.
