2205 3072
211 725 262 749 ΑΝ.
273 726 291 742 8.

308 167 366 195 29⁴
412 163 418 169 ’
711 164 891 190 mmmmm
912 164 930 190 Ι.
951 163 1273 190 CONSTITUTIONES.
1310 164 1382 189 116‘2.
1419 163 1465 189 ΝΥ.
1480 164 1536 188 211.

308 251 429 281 iudices
459 251 634 281 secundum
664 251 747 292 quod
778 251 957 292 predictum
982 254 1045 286 est;
1078 250 1161 291 quod
1195 251 1220 280 si
1252 250 1424 285 noluerint,
1457 253 1530 280 ante
1560 259 1618 280 nos
1643 250 1711 291 ipsa
1734 250 1856 281 iustitia
1879 250 1947 282 fiat.

308 303 334 343 (l
350 303 376 342 1)
402 302 443 332 Et
466 302 671 333 concedimus
697 303 753 339 eis,
778 306 813 332 ut
837 303 977 333 omnium
994 302 1168 337 mobilium,
1194 302 1276 331 sicut
1294 301 1325 331 in
1342 311 1431 337 auro,
1456 305 1600 342 argento,
1627 303 1764 332 monetis
1782 306 1814 333 et
1831 303 1946 344 pannis

308 354 418 384 sericis
442 356 551 394 preter
574 353 701 391 incisos7
727 364 788 394 que
814 355 959 395 ceperint
982 354 1161 385 Ianuenses
1187 353 1258 394 ipsi‚
1284 352 1491 383 medietatem
1516 359 1594 383 nos‘l
1618 356 1649 384 et
1673 354 1806 384 alteram
1823 354 1944 385 medie-

307 410 406 436 tatem
437 405 579 435 habeant
610 406 670 447 ipsi
700 405 888 441 Ianuenses,
921 407 966 437 ita
996 409 1103 436 tamen
1135 405 1218 446 quod
1244 404 1394 435 consules
1426 404 1511 435 bona
1534 405 1597 435 fide
1629 405 1786 443 laborent,
1816 410 1851 436 ut
1875 407 1945 448 ipsa

307 457 437 487 mobilia
461 457 491 486 in
516 457 655 498 ipsorum
680 457 851 487 deveniant
874 460 1048 499 potestate,
1074 461 1105 487 et
1130 457 1174 486 sic
1198 456 1419 497 disponantur.
1465 456 1618 497 Reliquar
1642 458 1748 488 omnia
1771 468 1812 488 ex
1836 461 1943 488 nostra

306 509 501 539 liberalitate
535 509 602 539 cis‘l
633 508 849 539 concedimus.
895 509 1051 540 Preterea
1085 512 1230 550 quartam
1263 510 1387 549 partem
1412 508 1510 538 totius
1536 509 1672 549 pecunie
1696 509 1811 550 palacii
1837 512 1946 551 preter

306 570 465 601 gemmas,
498 570 560 600 que
585 559 625 590 ad
649 570 707 590 nos
732 561 917 602 pervenerit
942 561 991 591 vel
1018 560 1143 591 reddita
1167 560 1273 597 fuerit,
1302 560 1380 600 ipsis
1405 559 1620 590 Ianuensibus
1644 561 1803 602 imperiali
1827 561 1944 592 libera-

306 612 397 641 litate
428 611 634 642 concedimus
667 615 698 642 et
731 612 814 642 bona
845 613 907 643 fide
937 612 1154 649 studebimus,
1188 611 1277 641 utin
1302 614 1441 641 nostram
1466 614 1659 652 potestatem
1684 612 1852 643 deveniat*
1876 613 1945 654 ipsa

305 663 451 703 pecunia,
476 666 508 693 et
532 663 577 693 sic
601 663 791 705 disponatur
815 665 883 695 sine
908 660 1029 695 fraude.
1068 664 1150 695 Item
1169 663 1347 694 voluntarie
1366 663 1571 694 concedimus
1590 664 1635 694 eis
1653 670 1697 700 ut,
1722 665 1747 695 si
1764 675 1782 694 a
1800 665 1945 706 proxime

307 715 462 756 preterito
487 715 568 745 festo
595 725 702 756 pasce,
735 726 775 746 ex
805 727 866 757 quo
892 716 943 746 die
968 716 1006 746 de
1032 716 1135 756 gratia
1160 719 1270 745 nostra
1293 714 1504 756 adipiscenda
1528 715 1705 746 Ianuenses
1729 716 1944 755 studuerunt‘,

306 777 415 796 corum
448 767 586 807 pecunia
618 770 711 807 capta
741 768 792 798 vel
823 767 955 798 detenta
986 771 1036 797 est
1060 778 1078 797 a
1104 766 1211 797 Siculo
1237 766 1287 797 vel
1311 767 1418 808 aliqua
1446 777 1585 808 persona
1608 777 1666 808 per
1690 777 1762 797 eum
1787 771 1873 798 terra
1896 768 1946 798 vel

306 818 384 848 mari
409 818 479 847 vel¹¹
503 817 659 859 deinceps
684 822 778 860 capta
801 818 898 849 fuerit
922 819 971 849 vel
997 817 1163 860 impedita,
1188 818 1329 849 habeant
1353 818 1413 859 ipsi
1438 817 1617 848 Ianuenses
1642 818 1830 859 vigesimam
1848 820 1946 850 totius

306 873 398 910 capte
424 870 559 910 pecunie
585 880 646 910 que
671 869 711 900 ad
736 880 792 900 nos
818 873 869 900 etV
894 880 948 901 eos
974 870 1170 911 pervenerit,
1195 869 1219 900 si
1244 869 1395 900 damnum
1420 873 1544 900 tantum
1569 870 1679 902 fuerit:
1704 870 1824 901 sivero
1842 871 1946 901 minus

306 921 408 955 fuerit„
435 931 490 962 pro
514 921 637 951 ratione
660 921 778 952 amisse
803 922 939 963 pecunie
964 922 1124 952 restitutio
1154 922 1322 959 minuatur„
1348 921 1393 951 ita
1418 924 1525 951 tamen
1550 921 1633 962 quod
1658 921 1809 952 damnum
1828 923 1946 953 amisse

305 973 440 1014 pecunie
469 983 526 1014 per
557 973 769 1003 iuramentum
794 973 929 1005 illorum.
955 973 1007 1014 qui
1032 973 1182 1003 damnum
1207 973 1294 1014 passi
1317 973 1445 1010 fuerint,
1470 976 1683 1013 cognoscatur
1706 974 1756 1004 vel
1780 974 1946 1004 consulum

306 1024 364 1053 sub
390 1034 447 1054 sua
472 1024 664 1054 credulitate
690 1024 749 1054 hoc
779 1025 991 1055 iuramentum
1026 1023 1268 1066 [facientium]w
1293 1025 1361 1055 sine
1386 1024 1510 1055 fraude.
1601 1024 1671 1066 (1⁶2)
1696 1024 1777 1056 Item
1802 1026 1946 1066 generali

305 1075 409 1105 edicto
435 1079 466 1106 et
491 1075 596 1106 banno
622 1076 754 1117 speciali
786 1077 977 1107 auctoritate
1010 1076 1214 1117 imperatoria
1238 1077 1452 1113 sanctiemus,
1483 1079 1518 1106 ut
1542 1076 1629 1107 nulla
1653 1087 1792 1118 persona
1815 1078 1945 1111 maim-¹.

305 1127 406 1157 minor
431 1127 481 1158 vel
507 1127 612 1158 media
636 1128 840 1169 aliquatenus
866 1128 1064 1158 Ianuensesy
1089 1129 1138 1158 vel
1164 1128 1237 1158 illos
1263 1128 1315 1169 qui
1340 1139 1410 1158 cum
1436 1128 1482 1159 eis
1506 1128 1625 1159 fuerint
1642 1129 1672 1158 in
1690 1129 1787 1159 rebus
1805 1129 1854 1159 vel
1872 1139 1945 1170 per-

304 1179 390 1209 sonis
415 1178 566 1209 offendat.
614 1179 655 1209 Et
680 1180 705 1210 si
731 1180 800 1221 quis
825 1180 999 1211 temerario
1025 1190 1105 1210 ausu
1129 1183 1240 1210 contra
1264 1180 1370 1210 facere
1401 1181 1644 1222 presumpserit,
1676 1180 1848 1211 vindictam
1872 1180 1945 1211 inde

304 1233 335 1260 et
360 1231 514 1261 iustitiam
539 1231 692 1261 faciemus
718 1231 893 1262 seeundum
919 1231 1003 1272 quod
1029 1232 1059 1261 in
1085 1231 1189 1262 edicto
1209 1235 1239 1262 et
1257 1232 1362 1262 banno
1379 1242 1567 1273 expressum
1582 1232 1688 1269 fuerit,
1713 1233 1773 1263 nisi
1790 1235 1944 1273 quantum

304 1292 360 1322 per
383 1282 566 1323 parabolam
593 1293 655 1313 non
681 1287 826 1313 coactam
851 1283 936 1313 illius
960 1283 1013 1324 qui
1038 1283 1186 1313 iniuriam
1211 1294 1325 1324 passus
1349 1283 1445 1314 fuerit
1468 1288 1523 1314 aut
1547 1284 1755 1315 Ianuensium
1781 1284 1946 1314 consulum

304 1334 505 1365 remanserit.
596 1334 663 1375 (13)
694 1334 760 1365 Nec
793 1345 946 1375 cogemus
983 1335 1160 1365 exercitum
1194 1335 1387 1366 Ianuensein
1423 1335 1485 1366 alio
1518 1336 1562 1366 ire
1596 1336 1657 1366 nisi
1689 1336 1875 1366 nominatim
1907 1335 1948 1367 ad

304 1389 406 1415 terras
435 1386 519 1416 inter
543 1396 601 1416 nos
632 1389 663 1415 et
695 1396 750 1416 eos
782 1396 955 1427 expressas
982 1390 1013 1417 et
1038 1387 1216 1417 nominatas
1247 1387 1369 1427 absque
1395 1392 1525 1417 eorumz
1549 1387 1633 1418 bona
1658 1388 1831 1418 voluntate.
1879 1387 1947 1418 Nec

303 1441 458 1477 cogentur
485 1437 664 1468 Ianuenses
693 1437 799 1468 facere
830 1438 922 1468 nobis
955 1442 1055 1469 ostem
1082 1438 1131 1469 vel
1164 1438 1407 1480 expeditionem
1435 1438 1531 1469 aliam
1563 1442 1669 1480 preter
1692 1439 1803 1477 istam,
1837 1439 1896 1470 nisi
1922 1438 1947 1469 si

302 1488 536 1529 perdiderimus
570 1488 653 1529 quod
689 1489 772 1519 absit
805 1489 968 1519 civitatem
1000 1489 1138 1530 aliquam
1170 1489 1209 1519 dc
1240 1490 1406 1520 maritimis
1441 1493 1496 1520 aut
1525 1491 1718 1521 maritimam
1748 1490 1787 1521 ab
1811 1490 1945 1522 Arelate

302 1550 404 1580 usque
430 1539 468 1570 ad
494 1540 636 1570 Mentem
662 1540 765 1570 sancti
789 1540 907 1581 Angeli
940 1544 971 1571 et
994 1541 1025 1571 in
1051 1540 1169 1582 Apulia
1200 1544 1296 1582 atque
1322 1540 1472 1572 Calabria
1496 1542 1546 1572 vel
1572 1541 1691 1579 Sicilia,
1724 1546 1882 1583 quatenus
1908 1543 1947 1574 ad

303 1602 358 1621 cns
383 1594 491 1632 partes
509 1594 660 1632 poterunt
677 1592 804 1632 navigio
825 1592 1008 1633 pervenire:
1033 1595 1107 1622 tunc
1125 1592 1210 1622 bona
1230 1592 1291 1623 fide
1309 1592 1507 1624 adiuvabunt
1525 1604 1582 1624 nos
1600 1594 1728 1635 perdita
1745 1605 1946 1636 recuperare.

302 1643 370 1673 Nec
396 1643 630 1684 distringentur
654 1644 769 1674 amodo
797 1644 973 1675 Ianuenses
998 1644 1074 1675 dare
1099 1644 1227 1675 obsides
1255 1645 1305 1675 vel
1329 1646 1498 1686 pecuniam
1524 1646 1583 1686 ipsi
1602 1646 1650 1676 vel
1675 1646 1819 1677 homines
1837 1656 1945 1677 eorum

301 1694 467 1725 districtus
505 1699 616 1726 contra
648 1706 739 1726 suum
772 1696 981 1727 voluntatem.
1071 1697 1139 1736 (14)
1165 1696 1206 1726 Et
1238 1696 1393 1727 faciemus
1418 1698 1523 1728 iurare
1548 1698 1697 1729 consules
1722 1698 1839 1740 Papie,
1871 1698 1944 1729 Pla-

302 1747 416 1783 centio„
441 1747 590 1778 Terdone
621 1752 653 1778 et
677 1748 756 1778 Aste
788 1748 854 1779 sive
889 1751 1070 1789 potestates
1102 1759 1210 1779 carum
1244 1749 1408 1779 civitatum
1439 1753 1470 1780 et
1498 1749 1716 1781 marchionem
1750 1750 1789 1781 de
1818 1750 1944 1781 Monte-

301 1798 418 1828 fcrrato
450 1802 482 1828 et
512 1798 663 1829 Enricum
697 1799 870 1830 Guercium
902 1800 1120 1831 marchionem
1152 1804 1184 1830 et
1217 1801 1419 1832 marchiones
1451 1801 1490 1832 de
1515 1801 1639 1832 Boscoa
1669 1806 1702 1833 et
1726 1802 1945 1833 marchionem

303 1849 581 1890 Malaliispiiianib,
612 1850 696 1891 quod
729 1851 880 1892 quamdiu
905 1851 1084 1882 Ianucnses
1108 1852 1227 1883 fuerint
1252 1853 1283 1882 in
1309 1852 1517 1894 expeditione
1542 1856 1667 1890 nostra,
1699 1854 1818 1884 nullam
1844 1854 1944 1885 offen-

302 1901 425 1931 sionem
457 1902 507 1932 vel
543 1902 690 1933 iniuriam
723 1903 840 1933 facient
864 1903 1038 1934 Innuensiy
1068 1904 1188 1934 civitati
1215 1904 1263 1935 vel
1293 1905 1324 1934 in
1355 1905 1424 1935 eius
1449 1905 1597 1936 districtu
1623 1906 1673 1936 vel
1698 1905 1881 1937 hominibus
1906 1906 1945 1937 de

301 1952 471 1983 Ianuensiy
502 1953 649 1984 districtu
682 1959 737 1985 aut
761 1955 791 1985 in
824 1955 918 1986 rebus
944 1966 1054 1986 eorum
1084 1955 1114 1986 in
1139 1956 1246 1997 aliqua
1270 1959 1375 1998 parte,
1408 1956 1460 1987 ubi
1486 1957 1627 1988 habeant
1651 1961 1857 1998 potestatem.
1904 1958 1945 1988 Et

302 2005 327 2034 si
345 2005 414 2046 quis
435 2009 545 2036 contra
562 2006 669 2037 facere
687 2007 928 2048 presumpserit,
948 2007 1032 2037 bona
1048 2007 1110 2037 fide
1129 2018 1182 2038 eos
1201 2007 1376 2038 defendent
1394 2012 1425 2039 et
1442 2008 1646 2039 adiuvabunt.
1688 2008 1728 2039 Et
1745 2009 1805 2040 hoc
1823 2013 1941 2040 totumC

301 2058 331 2087 in
357 2056 465 2087 debito
489 2057 652 2088 fidelitatis
677 2059 722 2088 eis
746 2059 962 2099 iniungemus.
1008 2059 1050 2089 Et
1075 2059 1100 2089 si
1124 2059 1183 2100 ipsi
1209 2059 1410 2097 offenderint,
1440 2059 1524 2101 quod
1549 2060 1609 2091 hoc
1641 2061 1724 2091 bona
1748 2060 1809 2091 fide
1834 2072 1943 2092 emen—

300 2108 407 2138 dentd.
496 2110 563 2149 (15)
588 2109 706 2140 Nostro
731 2121 857 2151 quoque
882 2111 1051 2152 privilegio
1075 2111 1252 2147 fi1·n1a1nuS‚
1284 2111 1368 2152 quod
1399 2111 1504 2142 nullus
1529 2112 1809 2154 archiepiscopus,
1839 2113 1944 2143 nullus

306 2161 487 2202 episcopus,
514 2161 618 2191 nullus
644 2161 719 2199 dux,
744 2162 851 2192 nullus
876 2162 1028 2199 marchio„
1053 2163 1159 2193 nullus
1184 2173 1301 2197 comeS,
1326 2163 1432 2194 nullus
1457 2163 1632 2204 gastaldoe,
1657 2164 1744 2194 nulla
1761 2175 1877 2206 magna
1894 2165 1944 2195 vel

301 2223 398 2253 parva
426 2213 550 2253 imperii
578 2214 678 2244 nostri
707 2224 846 2255 persona
870 2215 901 2244 in
926 2214 985 2253 his,
1016 2224 1076 2255 que
1105 2213 1339 2245 Ianuensibusy
1369 2215 1554 2245 consulibus
1587 2218 1618 2246 et
1642 2216 1798 2247 communi
1824 2216 1944 2247 Ianue5

301 2264 520 2294 concessimus
545 2268 608 2294 tam
633 2265 663 2294 in
690 2265 819 2295 civitate
844 2265 964 2296 Ianney
989 2276 1084 2307 quam
1109 2269 1202 2297 extra
1226 2266 1276 2296 vel
1301 2276 1362 2307 que
1379 2266 1449 2297 Deo
1473 2270 1603 2297 auctore
1619 2267 1650 2297 in
1668 2267 1809 2298 futurum
1828 2278 1942 2298 conce-

301 2315 423 2354 demus⁷
448 2316 636 2357 inquietare,
662 2317 843 2353 molestare,
870 2317 1035 2348 offendere
1060 2318 1112 2348 vel
1137 2317 1305 2348 disvestire
1324 2322 1502 2359 presumat:
1528 2322 1560 2348 ct
1578 2318 1603 2348 si
1620 2319 1690 2359 quis
1709 2319 1944 2350 contrafacere

301 2367 543 2408 presumpserit,
569 2378 683 2408 penam
710 2367 794 2398 mille
819 2368 971 2400 librarum
995 2369 1064 2400 auri
1089 2369 1157 2410 puri
1183 2374 1366 2411 componat,
1396 2370 1605 2401 medietatem
1629 2380 1755 2401 camere
1780 2374 1888 2402 nostre
1912 2375 1944 2402 et

301 2418 434 2448 alteram
460 2418 668 2449 medietatem
693 2418 770 2460 ipsis
794 2419 1008 2451 Ianuensibus
1033 2420 1255 2451 inferendamf.
1346 2421 1414 2462 (16)
1439 2421 1480 2451 Et
1505 2421 1544 2452 ab
1570 2422 1629 2452 hac
1654 2422 1705 2453 die
1730 2423 1860 2453 inantea
1883 2433 1943 2453 non

302 2469 454 2500 faciemus
479 2480 537 2500 nec
559 2471 795 2501 consentiemus
821 2471 890 2502 fieri
920 2482 1046 2513 pacem,
1077 2472 1187 2507 finem,
1222 2475 1368 2513 treugam
1394 2476 1448 2502 aut
1472 2483 1620 2513 guerram
1645 2473 1845 2504 recredutam
1872 2484 1942 2504 cum

302 2520 489 2551 willelmos
514 2521 620 2552 Siculo
646 2522 695 2553 vel
720 2532 908 2554 successore
933 2524 1002 2554 eius
1026 2527 1081 2554 aut
1104 2524 1210 2564 aliquo
1235 2524 1297 2554 alio
1321 2524 1389 2555 sine
1413 2524 1569 2565 parabola
1593 2535 1653 2555 non
1672 2529 1785 2556 coacta
1801 2526 1942 2556 omnium

302 2571 507 2602 lnnucnsium
532 2574 698 2604 consulum
725 2574 775 2604 vel
804 2574 932 2605 maioris
957 2575 1055 2616 partis
1079 2585 1140 2615 que
1151 2574 1164 2592 ¹¹
1189 2578 1263 2605 tunc
1288 2576 1441 2617 temporis
1465 2576 1571 2607 fuerit.

405 2666 469 2692 211.
494 2670 517 2691 <ll
538 2668 603 2691 dves!
624 2668 646 2692 1.
768 2671 787 2698 r)
809 2670 911 2701 Regalis
933 2669 954 2693 1.
1078 2674 1097 2695 ³)
1124 2670 1259 2694 deveniant
1282 2679 1348 2694 corr.
1370 2670 1391 2694 1.
1516 2671 1534 2703 ί)
1556 2672 1672 2696 studnci't
1693 2671 1718 2701 1;
1749 2671 1901 2695 studuerunt
1918 2670 1942 2695 2.

301 2712 326 2739 11)
348 2711 455 2734 fuam-ui.-
475 2711 541 2733 dcrwl
563 2711 582 2734 1.
603 2710 624 2735 2,
715 2716 737 2741 v)
758 2712 796 2735 vel
819 2712 840 2736 1.
928 2713 957 2741 w)
977 2713 1012 2736 sic
1030 2712 1058 2740 3:
1078 2713 1144 2736 dees!
1166 2713 1185 2737 1.
1206 2713 1229 2737 2.
1318 2713 1342 2745 x)
1363 2714 1401 2737 vel
1422 2713 1481 2737 «ald.
1496 2713 1524 2741 2:
1544 2714 1572 2738 nl
1593 2715 1698 2739 deletum
1721 2714 1741 2738 1.
1815 2716 1838 2743 y)
1859 2715 1899 2737 ias!
1922 2713 1942 2737 l¹

301 2757 322 2777 ⁴)
342 2753 408 2776 (least
429 2754 450 2777 1.
557 2754 579 2776 ἢ)
601 2755 681 2778 lius-co
701 2754 724 2778 2¹.
814 2754 837 2781 ¹¹)
857 2755 1027 2787 Malaspinam
1047 2755 1070 2780 ⁸2.
1170 2756 1192 2781 ‘l
1211 2761 1307 2780 tamum
1327 2757 1350 2780 ἱέ.
1439 2755 1462 2787 ὖ)
1481 2758 1596 2782 emendet
1616 2758 1638 2782 1.
1728 2758 1749 2787 e)
1769 2757 1900 2789 gastaldus
1919 2756 1942 2781 ⁸2.

302 2795 324 2820 s)
344 2797 519 2820 ‹anison-exulum
542 2798 561 2821 l.
652 2801 676 2823 g)
697 2799 778 2821 lV'nw
800 2798 824 2824 1:
845 2799 980 2822 (iniliclino
1000 2799 1022 2822 L'.
1113 2799 1137 2827 ¹¹)
1157 2809 1205 2830 quc
1225 2800 1246 2824 L).

1973 727 1997 745 10

1972 1239 1998 1257 20

1974 1757 1998 1775 30

1971 2275 1996 2293 40

1970 2536 1994 2553 45

1971 2807 1995 2825 :10
