2205 3072
245 891 299 912 ch.
313 894 342 913 18.

254 943 298 964 lan.
312 946 342 965 13.

264 1826 314 1846 Feb.
328 1830 344 1847 1.

357 158 429 207 ‘242'
764 174 947 201 FRIDERICI
967 174 986 199 Ι.
1006 174 1327 201 CONSTITUTIONES.
1366 176 1439 201 1158.
1475 175 1593 200 N1·.174.

359 264 530 293 exactione
557 273 591 292 se
616 261 733 292 ibidem
759 272 816 303 per
840 272 968 292 omnem
993 261 1125 292 eoi·um¹‘
1150 261 1303 292 ditionem
1334 261 1545 292 continebunt
1570 265 1602 293 et
1628 262 1728 293 ultrol
1752 272 1786 293 se
1811 273 1874 293 non
1899 263 1995 293 intro-

358 315 495 351 mittent,
520 318 553 344 ut
572 314 635 344 sint
651 313 773 344 liberae
791 313 893 344 illaem
918 313 1076 351 civitates,
1102 314 1185 344 sicut
1202 313 1464 344 Mediolanenses
1482 313 1521 344 ab
1539 313 1618 354 ipsis
1637 318 1712 344 sunt
1729 314 1838 350 liberi;
1864 317 1999 355 excepto

359 370 509 408 respectu
543 366 621 396 iuris
652 365 899 403 aecclesiastici,
932 364 1016 406 quod
1048 365 1169 396 habent
1200 365 1239 395 ad
1273 365 1549 406 archiepiscopum
1585 368 1618 396 et
1652 365 1845 396 aecclesiam
1875 365 1998 396 Medio-

358 419 556 450 lanensemn.

461 471 489 502 2.
515 469 636 500 Omnes
660 468 921 499 Mediolanenses
952 468 1182 498 communiter⁰
1206 473 1246 498 ap
1269 467 1445 499 minoribus
1470 478 1572 509 usque
1597 468 1637 499 ad
1666 469 1814 507 maiores,
1843 468 1883 499 ab
1908 469 2000 499 annis

357 522 458 552 XIIII
483 525 514 551 et
538 526 657 561 supra‘l
689 530 791 560 usque
825 519 864 550 ad
889 529 989 550 annos
1012 519 1130 556 LXXr.
1162 519 1350 550 fidelitatem
1375 519 1493 550 domno
1524 520 1713 561 imperatori
1737 520 1906 552 iurabunts
1930 520 2000 551 sine

359 574 442 603 malo
467 573 596 613 ingenio
622 576 652 602 et
677 571 904 602 observabunt.

461 626 489 655 3.
515 624 675 655 Palatium
700 623 867 664 imperiale
892 623 931 653 ad
956 622 1109 653 honorem
1129 622 1236 653 domni
1253 623 1452 664 imperatoris
1470 623 1643 654 arbitratut
1666 624 1821 655 bonorum
1839 624 2002 654 virorumu

359 677 533 707 elevabunt
558 680 589 706 et
614 686 684 706 cum
710 675 819 705 debito
844 674 964 705 honore
990 675 1073 705 bona
1097 675 1178 705 fidev
1202 675 1473 706 conservabuntW.

462 730 490 758 4.
515 727 691 758 Pecuniam
717 737 773 768 pro
800 726 1026 757 emendatione
1051 727 1239 757 iniuriarum
1264 726 1379 757 domno
1404 727 1591 769 imperatori
1609 728 1660 758 vel
1678 727 1838 758 domnaex
1862 727 2000 768 impera-

357 781 427 810 trici
459 780 546 810 sivey
577 779 685 809 curiae
710 778 899 819 promissam
929 778 1056 808 statutis
1086 778 1285 819 temporibus
1314 779 1512 820 persolvent,
1544 779 1604 810 hoc
1634 783 1684 810 est
1715 779 1849 810 terciam
1875 781 1999 820 partem

358 833 440 862 infra
462 831 561 862 XXX
584 831 663 868 dies.
693 841 734 861 ex
764 841 825 871 quo
859 830 939 861 haec
969 830 1074 871 pactio
1099 830 1288 861 confirmata
1315 830 1439 869 fuerit²‚
1469 831 1567 861 aliam
1596 840 1671 861 vero
1702 831 1834 861 terciam
1858 833 2002 872 partem⁰

358 884 440 914 infra
472 886 637 914 octavama
668 882 775 913 beatib
805 881 946 919 Martini.
976 882 1111 912 terciam
1141 885 1249 912 autem
1282 882 1443 913 residuam
1468 886 1612 924 partem⁰
1636 882 1717 913 infra
1740 882 1909 913 octavamd
1933 882 2001 924 epi-

357 936 504 977 phaniae.
552 935 676 976 Hisque
705 935 750 965 sic
780 935 982 976 persolutise.
1014 934 1111 963 nullis
1141 934 1273 975 privatis
1305 938 1495 965 teneantur⁰
1519 935 1794 976 promissionibus.
1841 934 2001 965 Pecuniae

358 988 537 1029 promissae
570 997 694 1017 summa
728 986 809 1016 haec
841 989 903 1015 est:
940 996 1057 1015 novem
1089 985 1177 1016 milia
1209 996 1388 1016 marcarum
1418 986 1543 1027 argenti
1576 987 1642 1017 sive
1673 987 1742 1017 auri
1773 987 1823 1017 vel
1852 989 2001 1017 monetae

359 1039 501 1070 eiusdem
528 1038 741 1070 estimationis
768 1037 816 1068 etf
838 1037 942 1079 pretii.

461 1093 489 1121 5.
514 1091 576 1121 Pro
602 1090 650 1120 his
675 1093 800 1120 tantum
825 1089 1002 1130 pretaxatis
1027 1089 1176 1130 capitulis
1201 1088 1285 1119 bona
1308 1088 1370 1119 fide
1395 1089 1595 1130 complendis
1621 1093 1652 1120 et
1673 1089 1902 1120 conservandis
1922 1088 2003 1120 CCC

359 1142 487 1173 obsides
512 1142 642 1178 dabunt,
667 1142 864 1182 capitaneos.
891 1141 1122 1176 valvassoresss,
1147 1140 1330 1182 populares,
1357 1141 1470 1182 quales
1495 1141 1664 1182 approbati
1689 1142 1809 1172 fuerint
1831 1152 1850 1172 a
1866 1140 2003 1171 domnoh

358 1195 601 1236 archiepiscopo
626 1193 859 1224 Mediolanensi
885 1198 916 1223 ct
942 1193 1058 1223 comite
1083 1192 1344 1223 Blanderatensii
1368 1192 1422 1223 etk
1447 1192 1634 1224 Guillelmol
1658 1193 1844 1224 marchione
1869 1193 2003 1223 Montis-

358 1247 467 1277 ferrati
493 1249 525 1277 et
549 1245 650 1276 tribus
675 1245 872 1281 consulibus.
902 1245 927 1275 si
952 1245 1061 1275 haecm
1086 1244 1202 1275 domno
1227 1245 1412 1286 imperatori
1436 1245 1626 1286 placuerint,
1656 1246 1835 1276 iuramento
1860 1245 2000 1275 astrictis

359 1299 398 1330 ad
424 1299 505 1329 hanc
531 1298 723 1329 electionem
748 1297 886 1328 fideliter
910 1296 1103 1327 faciendam.
1151 1296 1291 1327 Obsides
1315 1307 1393 1327 vero
1424 1297 1455 1327 in
1486 1297 1632 1338 partibus
1658 1297 1773 1328 Italiae
1799 1307 1910 1327 omnes
1935 1307 2003 1327 ser-

360 1354 482 1389 ventur,
507 1355 615 1392 preter
638 1350 664 1380 L
690 1350 739 1380 vel
765 1349 933 1391 pauciores
958 1359 1016 1390 per
1040 1349 1257 1379 interventum
1282 1349 1367 1389 regis
1385 1348 1581 1379 Boemorum
1599 1348 1795 1379 Wladislain
1819 1351 1851 1378 et
1868 1348 2004 1378 aliorum

360 1403 539 1444 principum
575 1403 659 1432 ultra
695 1405 831 1437 montes.
867 1401 890 1431 si
924 1400 1039 1431 domno
1073 1401 1260 1442 imperatori
1293 1400 1461 1442 placuerit,
1497 1400 1700 1431 deferendos.
1748 1400 1872 1436 Quibus
1897 1404 2005 1430 autem

359 1455 521 1485 commissi
546 1454 664 1485 fuerint
688 1453 816 1484 obsides
842 1454 872 1483 in
898 1453 1002 1486 Italia.
1028 1453 1133 1483 iurent
1157 1453 1188 1482 in
1214 1452 1376 1493 presentia
1395 1452 1685 1483 Mediolanensium
1705 1451 1744 1482 ad
1763 1452 1862 1482 haec⁰
1887 1450 2003 1492 prede-

360 1507 580 1543 stinatorump.
606 1506 687 1547 quod
712 1506 834 1547 profixo
860 1508 1003 1546 tempore
1029 1508 1192 1535 transacto
1217 1504 1300 1535 infra
1324 1508 1395 1534 octo
1420 1504 1499 1541 dies,
1525 1515 1566 1535 ex
1590 1515 1652 1545 quo
1677 1504 1821 1545 requisiti
1846 1503 1965 1534 fuerint
1985 1512 2004 1532 a

360 1559 669 1590 Mediolanensibus
700 1569 755 1588 cos
782 1558 850 1588 eisq
875 1557 975 1588 libere
1001 1556 1163 1594 rcddant‘,
1193 1559 1227 1586 ut
1252 1556 1296 1586 illi
1315 1566 1428 1586 secure
1448 1561 1520 1586 e0s⁵
1545 1556 1696 1594 habeant,
1722 1556 1747 1586 si
1772 1558 1922 1596 quattuor
1938 1554 2007 1585 illat

360 1615 532 1652 pretaxata
557 1610 694 1652 capitula
722 1610 761 1640 ab
787 1610 833 1640 eis
859 1609 1030 1639 observata
1054 1608 1185 1639 fuerint.
1232 1607 1312 1638 Tres
1338 1618 1412 1638 vcro
1436 1608 1600 1649 principes
1618 1607 1832 1639 Alemanniae
1850 1606 2007 1637 dextras'¹

360 1663 491 1699 dabunt.
517 1663 599 1704 quod
625 1662 753 1692 obsides
779 1662 823 1692 illi
848 1662 901 1703 qui
926 1661 1008 1691 ultra
1033 1664 1158 1691 montes
1184 1660 1382 1697 deferentur,
1408 1660 1434 1690 si
1458 1660 1511 1700 qui
1536 1663 1639 1697 crunt.
1665 1659 1779 1691 eodem
1806 1662 1901 1700 pacto
1926 1658 2005 1688 fide-

360 1716 433 1746 liter
457 1714 663 1745 reddentia-v.

464 1768 491 1797 6.
519 1765 677 1796 Consules
708 1775 800 1799 vcro.
831 1765 884 1805 qui
910 1774 992 1794 nunc
1018 1767 1100 1802 sunt.
1134 1774 1174 1794 ex
1199 1763 1389 1794 auctoritate
1415 1767 1447 1794 et
1472 1763 1709 1794 concessionew
1733 1762 1838 1793 domni
1863 1762 2001 1803 impera-

362 1819 438 1850 toris
476 1828 578 1859 usquc
614 1817 652 1848 ad
685 1816 755 1847 Kal.
786 1816 952 1846 Februarii
985 1816 1130 1857 proxime
1160 1819 1312 1846 venturas
1351 1819 1562 1856 perseverent
1595 1819 1627 1846 et
1660 1826 1715 1856 pro
1751 1814 1921 1845 consulatu
1947 1823 2004 1844 suo

360 1871 475 1902 domno
510 1870 694 1911 imperatori
726 1870 841 1899 iurent.
888 1867 1026 1898 Venturi
1052 1878 1126 1898 vero
1159 1867 1306 1898 consules
1332 1878 1350 1897 a
1375 1868 1492 1909 populo
1517 1868 1679 1908 eligantur
1709 1870 1741 1897 et
1765 1866 1804 1897 ab
1830 1866 1922 1907 ipsoX
1946 1865 2005 1894 im-

360 1927 509 1964 peratore
534 1922 778 1953 confirmentur:
805 1930 939 1961 quorum
963 1919 1123 1950 medietas
1141 1919 1181 1949 ad
1199 1920 1322 1960 ipsumy
1346 1920 1463 1957 veniat,
1488 1919 1562 1949 dum
1581 1919 1611 1949 in
1630 1917 2006 1959 Longobardiafue1·it²;

361 1975 440 2006 alias
474 1978 581 2004 autem
615 1978 671 2003 eoa
703 1973 879 2004 existente.
914 1971 974 2002 duo
1005 1971 1043 2002 ad
1075 1982 1147 2002 eum
1178 1971 1239 2002 exb
1269 1971 1454 2001 consulibus
1485 1972 1616 2001 veniant
1649 1974 1681 2001 et
1711 1970 1891 2000 iuramento
1923 1968 2005 1999 facto

361 2027 500 2057 officium
527 2025 714 2055 consulatus
740 2025 787 2054 sui
812 2034 830 2053 a
854 2023 969 2054 domno
995 2024 1188 2065 imperatore
1213 2023 1378 2064 recipiant.
1404 2034 1460 2064 pro
1485 2033 1518 2053 se
1545 2026 1576 2053 et
1600 2028 1680 2063 proc
1705 2022 1799 2052 sociis
1823 2020 1914 2051 suisd
1937 2020 2004 2050 fac-

361 2078 439 2109 turis
463 2078 567 2108 idema
593 2078 807 2107 iuramentum
840 2075 956 2105 domno
990 2075 1175 2116 imperatori
1211 2086 1316 2105 coram
1350 2075 1510 2105 communi
1542 2084 1619 2104 suae
1645 2074 1793 2104 civitatis.
1840 2072 1874 2103 Si
1898 2076 2006 2103 autem

362 2132 487 2171 legatus
513 2140 531 2160 a
555 2129 671 2159 domno
696 2127 910 2169 imperatoref
941 2127 1121 2158 destinatus
1151 2127 1247 2157 fuerit
1276 2127 1307 2156 in
1332 2126 1490 2165 Italiamss,
1524 2126 1637 2157 eadem
1664 2135 1771 2156 coram
1796 2125 1866 2166 ipso
1893 2128 1924 2155 et
1947 2134 2005 2165 per

362 2184 466 2225 ipsum
491 2182 579 2212 fiant.

465 2284 527 2311 lu.
551 2284 576 2313 k)
598 2286 651 2309 loco
671 2293 757 2309 eorum
772 2297 802 2300 —
817 2287 841 2307 et
860 2283 893 2307 P:
917 2283 1041 2307 dicionem
1061 2283 1223 2314 episcopatus
1242 2291 1336 2306 eorum.
1426 2280 1443 2311 l)
1462 2282 1529 2306 ultra
1543 2281 1578 2310 P;
1598 2290 1624 2305 se
1643 2281 1716 2306 deest.
1805 2280 1838 2312 111)
1858 2281 2005 2305 intromittet

362 2331 405 2355 sed
424 2331 501 2354 libere
521 2333 580 2353 sunt
594 2328 623 2353 P.
722 2331 747 2353 ι1)
768 2327 995 2351 Mediolanensimn
1014 2326 1038 2349 Β
1053 2326 1079 2355 1;
1105 2326 1278 2350 Mediolanum
1298 2325 1322 2349 B
1334 2324 1362 2353 3:
1382 2326 1448 2357 quod
1468 2325 1545 2349 habet
1562 2325 1768 2356 archiepiscopus
1787 2328 1811 2348 et
1829 2325 1934 2348 ecclesia
1952 2325 2005 2348 Me-

362 2373 516 2397 diolanensis
536 2372 565 2396 P.
671 2372 695 2396 0)
715 2371 781 2394 deest
801 2370 830 2394 P.
936 2370 961 2394 Ρ)
981 2374 1006 2393 et
1024 2378 1038 2393 a
1052 2370 1075 2392 A
1090 2368 1113 2394 2.
1220 2370 1243 2397 (1)
1264 2374 1288 2393 et
1307 2378 1384 2401 supra
1404 2369 1453 2393 des.
1469 2368 1498 2392 P.
1586 2368 1607 2395 Ῐ)
1628 2369 1744 2392 LXXIII.
1759 2368 1788 2392 P.
1876 2368 1896 2397 Β)
1917 2368 1963 2391 iur.
1982 2367 2004 2390 d.

363 2418 421 2449 imp.
441 2417 481 2440 fid.
496 2415 524 2440 I'.
618 2415 637 2443 t)
657 2414 792 2439 arbitratui
806 2414 838 2437 A.
909 2414 934 2444 υ)
954 2413 1021 2437 deest
1039 2412 1071 2436 B.
1087 2413 1113 2437 C.
1184 2412 1208 2441 v)
1229 2413 1296 2436 bona
1316 2413 1363 2436 fide
1383 2412 1434 2436 des.
1448 2411 1476 2435 P.
1549 2414 1578 2437 w)
1598 2411 1773 2435 observabunt
1793 2411 1818 2435 ζ’.
1889 2413 1913 2437 ¹)
1934 2411 1963 2434 de
1977 2409 2006 2433 P.

361 2460 386 2491 y)
407 2460 446 2483 vel
460 2459 492 2483 A.
582 2459 603 2485 z)
625 2459 728 2481 fuorunt
747 2457 770 2480 B
785 2457 806 2480 1.
896 2456 919 2480 a)
939 2461 1029 2480 octava
1048 2456 1078 2480 P.
1167 2454 1189 2487 b)
1209 2464 1227 2479 s.
1242 2455 1279 2485 „43
1300 2456 1381 2479 sancti
1396 2455 1425 2479 P.
1515 2454 1537 2485 ὓ)
1558 2454 1669 2478 dees-211.
1758 2452 1783 2483 ἃ)
1804 2458 1922 2478 octavum
1942 2453 1965 2477 B
1978 2452 2006 2483 23

362 2508 453 2527 octava
473 2502 501 2525 1¹.
596 2502 618 2526 θ)
638 2501 727 2524 solutis
741 2500 769 2524 P.
869 2498 890 2529 f)
910 2500 935 2522 in
955 2499 984 2522 P.
1074 2500 1098 2524 g)
1119 2499 1153 2522 ila
1174 2499 1203 2522 A.
1217 2498 1246 2522 B.
1265 2498 1282 2521 l.
1299 2497 1327 2528 *2;
1347 2506 1508 2522 varvassores
1524 2497 1557 2525 P:
1577 2505 1725 2521 vavassores
1744 2497 1800 2521 rell.
1879 2495 1903 2527 ¹¹)
1924 2496 1956 2520 ab
1976 2495 2005 2520 P.

363 2545 379 2572 ῑ)
398 2545 575 2569 Blandratensi
586 2544 622 2574 ⁴>I;
643 2543 820 2568 Brandratensi
835 2543 855 2566 (=v
869 2542 895 2572 13
915 2542 1105 2565 Blandratrensi
1116 2542 1145 2565 P.
1216 2540 1240 2571 k)
1254 2541 1344 2565 cumP.
1415 2539 1433 2572 l)
1453 2541 1519 2565 deest
1532 2541 1564 2564 A.
1580 2540 1609 2565 P.
1681 2542 1712 2567 ¹¹¹)
1732 2541 1779 2564 hoc
1794 2553 1822 2556 —
1834 2540 1959 2572 placuerit
1974 2539 2004 2563 P.

363 2590 386 2615 Β)
407 2589 440 2612 sic
456 2588 491 2617 Ας
512 2587 613 2611 Ladzlei
628 2587 662 2614 P:
682 2586 803 2611 Labezlai
822 2586 878 2609 rell.
950 2586 973 2615 0)
993 2585 1039 2608 hoc
1059 2585 1090 2608 A.
1105 2584 1134 2608 P.
1205 2584 1229 2613 1¹)
1250 2585 1432 2608 destinatorum
1453 2583 1481 2608 P.
1557 2584 1581 2615 q)
1602 2584 1637 2608 eis
1656 2592 1697 2607 eos
1716 2583 1740 2607 B
1756 2582 1818 2613 1.3;
1842 2583 1878 2607 eis
1897 2583 1964 2606 deest
1977 2582 2006 2606 P.

362 2634 383 2656 Υ)
404 2631 463 2662 ipsis
483 2630 586 2653 reddent
606 2629 634 2653 P.
740 2631 760 2656 5)
781 2637 822 2653 eos
841 2636 929 2652 secure
944 2627 980 2657 113
1009 2636 1111 2652 securos
1131 2636 1172 2651 eos
1192 2627 1221 2651 P.
1309 2628 1328 2649 ῑ)
1349 2632 1467 2658 quattuor
1486 2627 1528 2650 illa
1547 2627 1598 2650 (les.
1620 2627 1648 2650 G.
1663 2626 1710 2650 Fr.
1799 2626 1824 2656 u)
1844 2626 1959 2650 dextram
1978 2625 2006 2650 P.

363 2674 386 2701 v)
406 2673 544 2698 reddantur
563 2672 591 2696 P.
680 2673 710 2698 Ν)
730 2672 892 2703 conceptione
912 2671 941 2695 P.
1029 2672 1053 2698 ¹)
1073 2671 1140 2695 deest
1161 2670 1189 2694 P.
1277 2675 1301 2695 Υ)
1322 2671 1497 2702 imperatorem
1514 2670 1543 2694 P.
1614 2668 1636 2701 Ζ)
1656 2671 1759 2694 suerunt
1777 2669 1807 2693 P.
1879 2668 1902 2699 ²³)
1920 2669 1962 2693 illo
1976 2668 2006 2693 P.

364 2714 386 2746 b)
407 2717 437 2740 de
456 2716 479 2739 B
493 2716 514 2739 1.
529 2714 552 2739 3.
641 2714 663 2746 c)
683 2715 749 2738 deest
767 2714 798 2738 B.
814 2714 839 2738 O.
854 2714 882 2737 P.
972 2711 995 2743 d)
1015 2714 1068 2737 suis
1087 2722 1136 2737 soc.
1153 2713 1184 2737 A.
1266 2715 1288 2739 θ)
1309 2714 1374 2737 idem
1397 2726 1424 2729 —
1445 2713 1556 2737 civitatis
1575 2713 1625 2737 [les.
1640 2712 1671 2736 Α.
1743 2711 1766 2742 f)
1784 2712 1817 2736 ad
1835 2712 1882 2737 hoc
1901 2712 1961 2736 add.
1976 2711 2006 2736 P.

363 2760 387 2789 Β)
408 2759 497 2783 Italiae
516 2762 598 2790 partes
617 2758 648 2781 B.

2030 734 2054 752 10

2031 995 2054 1013 15

2029 1252 2054 1270 20

2031 1514 2055 1533 25

2030 1777 2055 1795 30

2033 2326 2057 2345 4⁰

2034 2542 2057 2559 ⁴5

2034 2757 2058 2775 50
