2205 3072
339 165 411 207 382μ
745 173 926 200 FRIDERICI
945 173 964 199 Ι.
984 172 1306 200 CONSTITUTIONES.
1338 172 1412 198 1179.
1444 171 1563 197 N1·.277.

442 263 469 291 7.
495 261 528 291 δί
552 261 712 292 homicida
730 261 779 291 vel
803 261 991 291 vulnerator
1013 261 1045 291 in
1068 260 1153 291 facto
1175 259 1397 301 deprehensus
1415 258 1512 289 fuerit
1529 261 1561 289 et
1577 257 1786 299 pretenderit,
1811 257 1895 298 quod
1914 257 1973 287 hoc

339 314 369 344 in
393 312 597 344 defensiones
619 313 684 343 vite
708 321 764 343 sue
788 312 909 351 fecerit,
934 322 1006 343 cum
1030 312 1105 343 viris
1130 312 1222 342 bonis
1247 313 1279 341 et
1302 310 1446 351 probatis
1472 310 1607 350 septima
1630 305 1727 339 manu
1752 319 1786 339 se
1804 312 1975 350 expurget,

339 366 398 395 nisi
424 365 569 406 predicto
595 364 688 395 modo
713 365 834 395 amicus
859 364 956 394 occisi
980 364 1032 395 vel
1057 363 1215 394 vulnerati
1240 373 1313 393 eum
1338 361 1445 392 duello
1471 360 1663 392 convincere
1687 360 1835 391 voluerit.

440 417 468 448 8.
494 416 526 446 Si
551 417 621 457 quis
646 416 785 458 aliquem
807 416 1030 457 expoliaverit,
1055 415 1226 447 confessus
1249 417 1304 444 aut
1329 413 1403 444 inde
1421 413 1587 443 convictus
1610 412 1720 443 ablata
1736 412 1862 453 integre
1881 411 1973 442 resti-

337 471 406 498 tuat
431 471 463 499 et
486 468 580 499 iudici
606 471 808 510 componatss.
857 467 892 498 Si
915 467 1052 498 voluerit
1076 466 1260 508 expurgari,
1286 465 1355 496 sola
1377 475 1475 495 manu
1499 475 1532 495 se
1558 467 1728 505 expurget.

440 520 468 549 9.
501 519 534 550 Si
563 519 786 550 malefactores
814 519 957 560 legitime
988 519 1075 550 citati
1106 518 1145 549 ad
1176 521 1284 549 ternas
1316 516 1460 547 inducias
1484 515 1587 546 XIIII
1610 515 1733 546 dierum
1765 514 1874 545 venire
1899 524 1975 545 con-

337 571 544 612 tempserint,
576 571 635 612 ipsi
667 574 698 601 et
730 581 837 601 eorum
862 573 1084 612 receptatores
1110 581 1167 602 seu
1191 569 1337 611 hospites
1362 569 1413 599 vel
1437 568 1535 599 etiam
1559 567 1701 598 fautores
1725 566 1976 608 proscribantur,

338 623 397 653 nisi
422 622 460 653 de
485 622 544 653 hoc
568 623 709 653 accusati
734 622 802 653 sola
826 633 922 653 manu
945 633 979 653 se
1005 621 1268 664 expurgaverint.
1316 620 1445 651 Iudices
1478 619 1720 650 malefactorum
1744 617 1976 659 proscriptores

339 674 377 705 ad
402 675 598 716 presentiam
622 674 822 715 imperatoris
847 674 967 705 debent
991 674 1102 705 venire
1135 676 1166 704 et
1190 672 1228 703 ah
1264 682 1322 703 sua
1346 672 1518 703 clementia
1540 671 1721 713 postulare,
1751 673 1786 700 ut
1810 669 1880 700 illos
1902 679 1975 710 pro-

339 727 457 757 scribat
481 737 539 757 sua
563 727 766 757 auctoritate.
812 725 1002 756 Probabunt
1025 725 1121 756 etiam
1138 735 1210 755 cum
1228 727 1353 765 septem
1373 723 1447 753 viris
1464 726 1573 753 ternas
1590 720 1831 763 quatuordecim
1848 721 1972 752 dierum

338 778 482 809 inducias
507 781 538 809 et
563 788 672 808 earum
697 777 857 818 quaslibet
879 777 1026 818 legitime
1051 777 1142 807 datas
1167 776 1280 806 fuisse.

448 832 494 861 10.
521 829 554 859 Si
578 840 653 860 vero
677 829 845 871 proscripti
868 829 900 859 in
924 829 1158 870 proscriptione
1175 827 1378 869 imperatoris
1396 836 1453 867 per
1474 835 1591 856 annum
1612 828 1644 856 et
1660 824 1744 855 diem
1766 824 1894 862 fuerint,
1919 835 1976 855 ex-

338 881 427 922 leges
460 884 552 912 erunt
580 884 611 912 et
640 881 723 912 omni
754 881 822 911 iure
851 880 890 910 de
919 884 1027 911 cetero
1053 880 1210 911 carebunt
1238 889 1298 910 nec
1322 877 1525 918 iusaliquod
1548 877 1580 907 in
1605 876 1770 908 beneficiis
1795 879 1827 907 et
1851 876 1977 906 allodiis

338 933 513 964 habebunt.
559 932 683 963 Taliter
706 932 900 974 proscriptos
924 942 985 963 nec
1009 932 1185 973 imperator
1208 941 1267 961 nec
1292 930 1390 961 iudex
1414 929 1496 960 alius
1521 939 1539 959 a
1555 929 1786 970 proscriptione
1803 928 1974 959 absolvere

338 984 446 1024 debet,
472 985 532 1015 nisi
556 985 643 1026 prius
667 984 766 1015 actori
790 983 1030 1014 satisfecerinti.

444 1039 490 1067 11.
515 1036 664 1067 Violator
687 1036 776 1077 pacis
800 1046 818 1065 a
843 1035 947 1066 iudice
972 1036 1089 1065 citatus
1115 1034 1154 1065 ad
1178 1034 1331 1065 iudicium
1350 1033 1458 1064 veniat
1476 1043 1546 1063 cum
1565 1032 1696 1073 triginta
1712 1031 1828 1072 gladiis
1844 1035 1978 1069 tantum,

338 1099 396 1119 nec
420 1088 528 1129 plures
554 1098 647 1128 quam
665 1087 841 1125 XXVIIII,
866 1091 900 1117 ut
923 1087 992 1128 ipse
1017 1087 1058 1117 sit
1081 1086 1274 1122 tricesimus,
1300 1096 1408 1117 secum
1433 1085 1567 1119 liabeat;
1592 1084 1644 1124 qui
1662 1083 1750 1114 nulla
1766 1094 1855 1114 arma
1871 1087 1979 1125 preter

338 1139 462 1180 gladios
486 1139 600 1170 ferant.
647 1138 684 1168 In
708 1139 841 1169 arbitrio
865 1138 978 1168 iudicis
1003 1139 1053 1177 sit,
1078 1137 1178 1179 quotk
1202 1137 1349 1168 homines
1374 1140 1406 1167 et
1431 1146 1492 1177 que
1517 1146 1608 1166 arma
1631 1136 1751 1166 habere
1776 1135 1922 1166 voluerit.

447 1192 491 1222 12.
522 1190 649 1221 Iudices
682 1190 742 1231 ipsi
774 1190 801 1220 si
831 1190 971 1230 aliquem
1000 1192 1113 1219 contra
1144 1189 1237 1219 huius
1268 1189 1356 1230 pacis
1390 1187 1624 1218 institutionem
1648 1187 1782 1218 leserint
1807 1187 1857 1217 vel
1882 1187 1976 1217 alicui

339 1242 477 1273 iniuriati
501 1242 629 1278 fuerint,
659 1241 699 1272 de
725 1251 758 1272 se
783 1241 861 1282 ipsis
885 1241 1045 1271 iusticiam
1069 1240 1202 1272 faciant:
1236 1239 1378 1280 alioquin
1403 1242 1554 1280 gravatus
1579 1238 1714 1269 liberam
1739 1238 1857 1269 habeat
1880 1242 1973 1280 pote-

339 1298 456 1324 statem
481 1292 580 1335 super
601 1303 638 1324 eo
664 1292 898 1334 querimoniam
923 1291 1073 1322 movendi
1097 1302 1203 1322 coram
1228 1290 1345 1321 iudice¹
1370 1290 1534 1332 superiori.

446 1347 493 1376 13.
520 1345 553 1376 δί
579 1345 681 1375 viator
705 1344 853 1385 equitans
877 1354 1030 1374 neccesse
1053 1343 1201 1374 habuerit
1217 1353 1351 1384 pascere
1369 1353 1486 1383 equum
1503 1352 1606 1379 suum,
1631 1340 1746 1383 pedem
1765 1351 1862 1371 unum
1880 1344 1979 1382 ponat

339 1398 369 1428 in
394 1398 446 1428 via
470 1401 501 1428 et
524 1397 607 1427 falce
631 1397 682 1427 vel
707 1396 808 1426 cultro
833 1398 986 1436 quantum
1012 1395 1144 1436 expedit
1168 1394 1207 1425 de
1233 1394 1379 1435 frugibus
1404 1397 1540 1424 resecet
1556 1397 1588 1424 et
1612 1394 1642 1424 in
1668 1393 1720 1424 via
1744 1403 1861 1434 equum
1885 1403 1978 1423 suum

342 1449 465 1479 reficiat
489 1452 520 1479 et
542 1447 616 1479 inde
642 1447 684 1477 nil
709 1447 747 1477 de
770 1446 917 1487 frugibus
943 1446 1078 1481 deferat,
1102 1456 1234 1486 gramen
1262 1455 1323 1475 non
1344 1445 1473 1483 incidat,
1498 1448 1547 1476 set
1564 1445 1595 1475 in
1613 1445 1682 1486 ipso
1700 1444 1843 1485 gramine
1861 1454 1977 1485 equum

342 1511 433 1531 suum
457 1499 539 1542 quod
564 1499 641 1530 satis
665 1502 714 1529 est
737 1500 859 1539 pascat.
905 1496 968 1532 Qui
992 1497 1087 1528 aliter
1109 1497 1233 1533 fecerit,
1257 1497 1346 1537 pacis
1372 1496 1508 1526 violator
1532 1496 1603 1527 erit.

447 1554 494 1583 14.
523 1551 647 1582 Rustici
679 1553 711 1581 et
740 1560 852 1580 eorum
887 1549 1083 1580 condicionis
1114 1548 1173 1579 viri
1210 1552 1302 1579 extra
1333 1548 1453 1578 villastn
1485 1551 1599 1578 euntes
1631 1547 1719 1578 nulla
1749 1558 1837 1578 arma
1870 1550 1979 1590 preter

341 1604 467 1646 gladios
497 1604 609 1634 ferant.
663 1602 699 1632 In
729 1602 813 1632 villis
844 1604 952 1632 autem
976 1611 1081 1642 neque
1106 1600 1231 1641 gladios
1255 1609 1360 1641 neque
1384 1600 1448 1630 alia
1472 1610 1561 1630 arma
1584 1602 1725 1640 portent.
1769 1599 1806 1630 In
1831 1599 1978 1630 domibus

342 1660 449 1687 autem
475 1654 617 1696 quelibet
640 1664 729 1684 arma
753 1653 904 1689 habeant,
930 1657 963 1683 ut
987 1653 1013 1683 si
1031 1653 1128 1683 iudex
1147 1652 1187 1682 ad
1203 1651 1463 1690 emendationem
1482 1652 1599 1682 violate
1618 1651 1704 1692 pacis
1722 1661 1832 1682 eorum
1849 1652 1978 1682 auxiliis

342 1708 523 1749 indiguerit,
549 1717 619 1737 cum
638 1706 735 1736 armis
753 1706 856 1746 parati
874 1706 1087 1739 inveniantur,
1112 1705 1261 1745 quoniam
1278 1705 1308 1734 in
1328 1704 1387 1734 hoc
1404 1703 1539 1734 articulo
1562 1703 1700 1734 iudicem
1719 1703 1811 1744 sequi
1829 1706 1980 1734 tenentur

342 1770 398 1801 pro
422 1759 535 1789 iudicis
559 1757 691 1788 arbitrio
716 1760 748 1787 et
772 1757 817 1788 rei
843 1757 1067 1788 neccessitate.

448 1813 494 1841 15.
520 1810 553 1840 Si
578 1810 649 1850 quis
673 1809 704 1838 in
729 1808 837 1849 aliqua
861 1809 936 1839 villa
961 1809 1008 1839 vel
1034 1809 1066 1838 in
1091 1808 1152 1839 alio
1177 1808 1246 1838 loco
1270 1818 1365 1848 quam
1389 1807 1421 1837 in
1439 1807 1622 1837 civitatibus
1642 1806 1790 1837 habuerit
1806 1806 1979 1843 hominem,

342 1873 436 1904 quem
469 1865 593 1892 asserat
628 1871 719 1891 suum
748 1860 911 1901 proprium
944 1871 1017 1891 esse
1047 1860 1098 1891 vel
1131 1859 1377 1890 advocaticium.
1412 1859 1497 1889 illius
1529 1859 1587 1889 loci
1621 1858 1717 1889 iudici
1746 1858 1979 1898 querimoniam

342 1917 478 1945 moveat.
525 1912 628 1943 Iudex
653 1912 862 1952 conquerenti
895 1912 1055 1942 iusticiam
1085 1912 1192 1942 faciat.
1241 1910 1273 1941 Si
1297 1921 1374 1941 vero
1399 1910 1497 1941 iudex
1522 1910 1611 1940 illum
1636 1921 1693 1951 per
1716 1910 1779 1940 vim
1804 1909 1980 1940 defendere

342 1965 489 2002 voluerit,
514 1974 553 1994 ne
578 1964 704 1994 domino
730 1964 938 2004 conquerenti
963 1963 1153 1997 satisfaciat,
1178 1963 1247 2003 ipse
1265 1962 1363 1993 iudex
1380 1965 1529 1993 teneatur
1551 1962 1675 1992 actorin
1700 1971 1806 1992 coram
1824 1961 1978 2002 superiori

341 2017 445 2048 iudice
470 2016 672 2057 respondere.

449 2070 496 2099 16.
530 2068 706 2098 statuimus
743 2066 838 2096 etiam
875 2070 907 2097 et
935 2066 1095 2107 imperiali
1119 2066 1309 2096 auctoritate
1341 2066 1535 2107 precipimus
1565 2065 1774 2106 principibus,
1810 2064 1981 2101 nobilibus,

342 2120 452 2150 liberis
483 2123 515 2150 et
543 2118 818 2155 ministerialibus,
847 2122 882 2148 ut
911 2120 1147 2159 persequantur
1170 2117 1339 2158 predones,
1371 2118 1470 2153 fures,
1502 2117 1654 2154 latrones,
1679 2116 1846 2147 falsarios⁰
1870 2126 1981 2146 mone-

342 2176 445 2202 tarum
471 2174 503 2202 et
526 2171 579 2212 qui
604 2181 658 2201 eos
683 2170 894 2211 hospitantur,
919 2170 973 2210 qui
997 2169 1147 2200 dicuntur
1171 2180 1246 2200 cern
1259 2170 1280 2200 1.

451 2225 496 2253 17.
526 2222 609 2253 Item
638 2221 820 2263 quandamp
852 2221 1044 2252 sententiam
1075 2221 1250 2261 antiquam,
1284 2221 1401 2251 iustam
1432 2223 1481 2251 set
1505 2219 1558 2250 diu
1584 2220 1722 2261 sopitam
1746 2218 1980 2256 renovavimus,

343 2276 432 2306 euius
456 2274 706 2316 promulgationi
732 2274 820 2304 curia
844 2278 951 2305 nostra
975 2284 1144 2304 assensum
1169 2273 1267 2305 dedit.
1314 2273 1385 2304 Hec
1410 2277 1517 2304 autem
1543 2273 1705 2304 sententia
1728 2273 1801 2303 talis
1827 2275 1889 2302 est:
1916 2272 1978 2307 Qui

343 2332 498 2358 nocturna
522 2325 670 2356 incendia
695 2326 913 2356 commiserint
937 2330 969 2356 et
994 2336 1032 2357 ea
1057 2326 1281 2357 commisisse<1
1306 2336 1367 2355 non
1385 2325 1585 2366 negaverint,
1610 2324 1695 2354 omni
1712 2324 1781 2354 iure
1798 2324 1982 2365 priventurr

344 2391 403 2410 nec
428 2380 458 2409 in
482 2378 649 2409 beneficiis
674 2377 740 2407 sive
766 2377 894 2407 allodiis
919 2377 1048 2418 aliquod
1072 2377 1121 2407 ius
1146 2377 1338 2407 obtineants.

452 2432 496 2461 18.
522 2429 592 2460 Hec
617 2429 704 2470 pacis
730 2432 850 2459 statuta
873 2429 904 2459 in
928 2429 978 2459 llis
1003 2429 1119 2459 finibus
1144 2428 1346 2459 observanda
1371 2427 1545 2458 indiximus
1571 2431 1603 2457 et
1627 2426 1847 2457 extendenda:
1878 2437 1979 2467 usque

344 2482 383 2513 ad
408 2485 538 2523 pontem
563 2480 851 2511 Lutheriehewilre
863 2480 885 2512 2.
911 2480 965 2510 ubi
989 2480 1097 2510 finitur
1121 2481 1328 2521 episcopatus
1354 2480 1515 2521 Spirensis
1541 2483 1572 2509 et
1589 2482 1733 2519 potestas
1751 2477 1979 2508 iurisdictionis

2005 734 2028 752 10

2003 1253 2028 1270 21)

2006 1514 2030 1532 25

2007 1772 2031 1790 ³0

2008 2028 2031 2046 :35

2008 2285 2033 2302 ⁴0

345 2534 499 2574 langravii
525 2533 555 2563 in
581 2536 665 2562 terra
690 2532 888 2573 Spirehowe,
914 2535 945 2562 et
969 2531 1145 2562 descendet
1169 2532 1252 2561 ultra
1277 2531 1446 2562 Musellam
1476 2541 1578 2571 usque
1601 2531 1632 2560 in
1656 2534 1775 2560 terram
1800 2529 1975 2560 Meinevelt
2002 2542 2026 2559 π.

446 2618 509 2644 ’277-
534 2617 556 2647 f)
576 2619 717 2642 desoutioue
737 2627 757 2642 e.
845 2618 869 2643 g)
889 2619 1022 2650 componat
1042 2627 1060 2642 c.
1150 2616 1174 2649 11)
1193 2618 1224 2641 ad
1244 2626 1262 2641 c.
1352 2616 1370 2648 i)
1390 2617 1538 2641 satisfecerit
1557 2625 1576 2640 c.
1668 2614 1693 2644 k)
1713 2616 1780 2648 quod
1799 2624 1818 2639 c.
1906 2614 1923 2646 l)
1944 2616 1979 2640 iu-

344 2664 391 2693 dicj
411 2673 430 2686 ιτ.
518 2663 549 2691 m)
569 2662 643 2685 uillas
662 2662 700 2685 liin:
720 2670 739 2685 c.
827 2662 852 2691 Π)
872 2661 969 2684 auctori
989 2669 1009 2685 (·.
1098 2660 1121 2685 0)
1141 2661 1247 2684 sasai-ins
1267 2669 1286 2684 c.
1375 2660 1398 2685 vl
1418 2660 1458 2690 Qsi
1478 2669 1497 2684 c.
1568 2660 1593 2690 ¹1)
1613 2659 1781 2683 commississe
1800 2667 1820 2683 c.
1892 2660 1913 2687 ι’)
1933 2659 1980 2690 pri-

345 2710 417 2730 vet-ur
436 2714 456 2729 (¹.
546 2706 565 2733 ³)
584 2705 699 2728 obtineat
717 2713 736 2728 ι’.

448 2774 471 2799 1)
492 2771 638 2803 ΙΛζσυιιιῖιιηι
653 2779 703 2795 esse
716 2771 789 2803 quod
804 2771 906 2796 dicitur
919 2779 981 2796 cern
997 2771 1044 2796 120.
1059 2779 1119 2795 zern
1141 2770 1321 2803 ‘'rev'lcr'istigsczi',
1342 2773 1433 2803 {ersluic
1445 2769 1549 2795 coniecit
1565 2769 1602 2794 rii·
1615 2769 1640 2794 (1,
1656 2769 1793 2794 Schwalm.
1864 2768 1890 2800 2)
1910 2768 1980 2794 Len-

344 2816 478 2841 tersa-eiler
497 2814 533 2839 ad
551 2815 645 2843 (lumen
667 2815 728 2839 δεῖς.

2009 2819 2033 2837 50
