2205 3072
202 793 264 812 Prnv.
276 796 305 815 1¹).
315 796 344 814 12.

251 2586 298 2606 1101.
310 2589 340 2606 27,

296 2633 342 2653 Iun.

364 164 420 215 lei
723 182 883 208 CONRADI
904 183 950 207 ΙΙΙ.
971 181 1294 208 CONSTITUT‘IONES.
1328 182 1399 207 1151.
1432 181 1478 206 ΝΥ.
1496 181 1552 206 1:30.
1572 180 1627 205 131.

360 270 513 300 honorem
546 273 577 299 et
608 269 779 309 inperium,
811 268 893 309 quod
925 269 1051 309 plenius
1083 272 1114 299 et
1142 267 1335 298 laudabilius
1361 269 1557 308 completum
1586 267 1694 297 videre
1720 266 1942 297 desideramus
1966 268 1997 295 et

358 324 579 362 expectamus.
626 320 740 351 Patres
766 321 849 351 enin]
875 324 906 351 et
930 321 980 350 avi
1006 331 1130 351 necnon
1155 323 1187 351 et
1210 320 1311 350 attavi
1337 320 1438 350 nostri
1469 319 1656 350 fidelissimo
1680 329 1787 349 amore
1813 317 1997 348 dilexerunt

357 384 490 413 regumn
516 376 547 403 et
572 373 728 413 inperium
755 377 906 405 vestrum.
932 372 1024 402 beate
1050 382 1174 413 quoquc
1201 372 1352 402 memorie
1375 375 1497 412 patrem
1521 374 1552 401 et
1569 381 1664 401 avum
1681 374 1836 400 vestrum:
1861 378 1995 410 quorum

358 425 483 455 sincera
512 424 683 454 dilectione
713 423 864 454 domnum
889 422 1109 464 Lottharium)
1140 433 1362 454 successorem
1393 433 1502 453 corum
1527 422 1710 452 dileximus.
1757 421 1862 462 Super
1885 430 1995 450 omnes

358 476 453 516 igitur
476 476 560 505 filios
585 474 689 505 Adam
714 475 826 515 procul
850 474 946 505 dubio
971 485 1028 505 vos
1054 478 1086 504 et
1103 485 1237 515 regnum
1255 478 1396 505 vestrum
1414 474 1553 505 fideliter
1573 473 1748 513 diligimus,
1773 471 1997 513 amplectimur

357 531 389 557 et
414 537 614 557 veneramur.
661 526 695 557 Si
719 536 781 566 qua
806 536 943 567 namque
969 525 1081 556 nobisa
1106 526 1206 556 virtus
1232 529 1281 556 est
1303 530 1357 556 aut
1375 525 1483 566 aliqua
1502 524 1655 555 fortitudo
1674 534 1731 555 seu
1749 523 1883 554 victoria
1901 533 1997 564 super

358 578 513 613 inimicos,
538 578 598 608 hoc
623 580 726 608 totum
752 581 823 618 post
847 576 953 608 Deum
978 580 1084 608 vestre
1110 577 1270 608 maiestati
1297 577 1488 608 ascribimus
1510 580 1542 607 et
1558 580 1665 607 vestra
1681 575 1817 607 audacia
1835 578 1867 606 ct
1883 574 1996 606 robore

357 629 387 659 id
419 629 539 659 habere
573 632 604 659 et
636 629 782 658 obtinere
820 628 1075 669 cognoscimusb.
1131 628 1164 658 Si
1198 639 1275 669 ergo
1306 632 1473 663 terrorem.
1506 628 1559 669 qui
1591 627 1684 658 valde
1716 627 1907 658 metuendus
1937 629 1996 663 est,

357 681 492 711 inimicis
528 684 559 711 et
594 679 776 710 infidelibus
814 681 903 720 regni
940 680 1093 710 decenter
1126 680 1248 711 infertis
1286 684 1318 711 ct
1348 691 1479 711 veraces
1514 680 1636 710 amicos
1669 684 1763 720 atque
1799 679 1911 709 fideles
1944 678 1996 719 pia

356 732 645 773 reconpensatione
676 732 825 762 mulcetis
855 736 1020 762 strennue.
1052 732 1133 762 iuste
1168 736 1199 762 et
1230 732 1364 762 honeste
1395 732 1498 773 agitis.
1556 731 1718 773 Scriptum
1749 731 1866 772 quippe
1890 734 1939 760 est
1964 730 1994 760 in

358 784 534 824 proverbiis
567 783 765 813 Salomonis:
801 784 894 814 *sieut
922 784 1069 814 fremitus
1099 784 1212 817 leonis.
1248 784 1293 813 sic
1324 787 1356 814 et
1384 788 1487 814 terror
1520 784 1616 824 regis,
1649 786 1681 814 et
1711 784 1794 813 sicut
1825 793 1875 813 ros
1901 792 1997 823 super

357 835 506 870 herbam.
542 834 587 864 sic
619 838 649 864 et
682 834 828 865 hilaritas
860 834 949 866 cius'.
1001 834 1070 870 Quo
1095 835 1225 876 quidem
1256 846 1326 866 rore
1351 846 1408 865 nos
1434 835 1493 865 Dei
1518 835 1620 876 gratia
1644 835 1864 866 benivolentie
1889 837 1996 864 vestre

356 886 507 927 1011111010
532 886 652 927 perfusi
677 896 831 927 prospere
856 887 991 927 agimus.
1023 887 1154 918 viriliter
1179 887 1369 923 incedimus„
1399 898 1494 928 super
1518 887 1629 918 hostes
1654 887 1790 917 victores
1815 886 1996 917 existimus.

357 937 566 968 Confidenter
596 938 691 978 igitur
724 940 849 968 eructat
879 949 933 968 cor
961 942 1105 968 nostrum
1130 939 1263 969 verbum
1290 939 1423 972 bonum.
1457 943 1489 969 et
1514 949 1611 980 opera
1636 942 1744 969 nostra
1769 938 1836 979 regi
1861 937 1995 968 dicimus

356 1000 393 1019 ae
425 989 524 1019 multa
554 989 674 1019 maiora
703 1000 760 1030 pcr
788 990 924 1029 gratiam
953 989 1016 1020 Dei
1047 993 1077 1020 et
1109 994 1247 1020 vestram
1281 990 1370 1021 vobis
1400 1001 1549 1021 enarrare
1580 990 1766 1031 poterimus.
1813 990 1995 1030 Accingere

356 1051 431 1081 crgo
450 1040 554 1082 gladio
573 1051 670 1082 super
687 1041 790 1071 femur
807 1045 906 1075 tuum.
929 1042 1161 1083 potentissime.
1187 1046 1219 1072 et
1236 1042 1375 1073 deducat
1393 1048 1423 1073 tc
1443 1042 1629 1073 mirabiliter
1646 1042 1782 1072 dextera
1799 1044 1853 1071 tua
1868 1044 1998 1082 propter

358 1093 526 1123 veritatem
553 1096 584 1123 et
608 1092 886 1123 mansuetudinem
912 1097 944 1123 et
969 1093 1139 1125 iusticiam.
1169 1094 1252 1134 quod
1280 1094 1498 1135 multiplicitas
1524 1094 1773 1124 intercessorum
1799 1092 1942 1134 postulat
1967 1096 1998 1123 et

358 1148 518 1186 expectat.
565 1144 695 1174 Utinam
719 1144 757 1175 de
783 1145 874 1175 vobis
900 1145 929 1175 in
952 1146 1097 1186 proximo
1116 1145 1274 1186 condigno
1292 1149 1448 1177 concentu
1468 1156 1584 1176 canere
1602 1145 1700 1187 possit
1722 1145 1854 1175 (100010υ
1877 1147 1996 1177 nostra.

313 1207 549 1237 ,2.qu·anlquain
575 1196 635 1226 Dei
661 1196 723 1226 filio
748 1197 924 1227 versiculus
950 1197 1000 1227 hic
1026 1198 1140 1238 psalmi
1165 1197 1335 1228 decentius
1360 1199 1545 1228 conveniat:
1572 1197 1731 1235 *Domine‚
1756 1197 1786 1227 in
1809 1197 1924 1227 virtute
1942 1201 1996 1226 tua

356 1247 548 1278 lactabitur*l
580 1259 637 1278 rex
669 1252 701 1278 ct
732 1259 829 1289 super
858 1249 999 1279 salutare
1030 1253 1118 1279 tuum
1149 1249 1310 1279 exultabit
1342 1248 1572 1280 veliementer'.
1625 1248 1728 1279 Corde
1762 1248 1855 1278 simul
1885 1251 1916 1279 et
1941 1259 1995 1278 ore

356 1300 446 1330 vobis
472 1300 640 1340 loquentes
666 1300 897 1341 supplicamus,
923 1303 1081 1340 quatenus
1107 1300 1145 1331 de
1171 1301 1306 1331 servicio
1333 1302 1421 1342 regni
1440 1305 1472 1331 et
1490 1305 1596 1332 vestro
1615 1301 1705 1331 nobis
1723 1300 1918 1341 precipiatis.
1944 1300 1997 1341 qui

356 1351 458 1392 parati
490 1362 600 1381 sumus
631 1352 661 1381 in
693 1351 839 1382 omnibus
865 1351 999 1392 obsequi
1026 1353 1126 1382 vobis.
1174 1352 1303 1383 Gratias
1329 1358 1436 1383 autem
1462 1353 1533 1383 Deo
1559 1353 1684 1393 agimus
1711 1355 1881 1392 vestrcquc
1907 1362 1996 1381 man-

356 1402 527 1437 suetudini,
560 1403 634 1443 quia
668 1406 778 1444 captos
810 1407 933 1433 nostros
963 1403 1100 1434 liberare
1133 1405 1277 1435 voluistis
1307 1409 1339 1435 et
1370 1416 1432 1435 11011
1461 1405 1633 1435 audierunt
1658 1415 1714 1434 vos
1744 1404 1861 1434 inimici
1886 1404 1997 1436 nostri.

357 1455 413 1485 sed
439 1454 578 1485 reddidit
607 1466 660 1485 cos
685 1455 777 1485 nobis
802 1466 872 1485 cum
904 1459 1012 1485 nostro
1044 1456 1162 1487 11011010
1189 1457 1288 1487 virtus
1315 1457 1553 1498 Omnipotentis
1578 1460 1609 1487 et
1633 1456 1789 1486 habemus
1815 1455 1932 1485 multos
1957 1465 1997 1484 cx

356 1507 428 1541 illis.
461 1507 542 1536 sicut
570 1517 664 1537 nosse
698 1507 844 1547 poteritis
874 1518 891 1537 a
923 1507 1071 1538 fidelibus
1105 1509 1229 1539 vestris.
1282 1508 1446 1539 Foderunt
1471 1508 1600 1550 quidem
1630 1508 1770 1545 foveam,
1800 1509 1995 1548 paraverunt
2024 1517 2034 1533 ι’

358 1558 504 1599 pedicam
530 1562 561 1588 et
586 1559 645 1599 ipsi
672 1558 853 1589 inciderunt
879 1559 908 1589 in
935 1570 1017 1591 eam.
1043 1559 1114 1590 Deo
1139 1561 1270 1600 gratias.
1311 1561 1425 1591 Amen.

668 1694 741 1726 131.
772 1695 995 1727 EPISTULA
1020 1696 1162 1728 REGIS
1185 1697 1250 1727 AI)
1274 1697 1475 1728 PISANOS.
1508 1697 1605 1736 (Sept.
1627 1699 1690 1733 (w.)

458 1756 539 1793 Iussi?
564 1756 588 1792 J,
605 1757 668 1785 177
691 1758 827 1786 iii-..³412
854 1774 889 1778 -
918 1756 1053 1797 Slumpf,
1079 1757 1152 1796 Rea.
1168 1759 1262 1788 3:101.
1759 1756 1811 1796 (P.
1828 1758 1895 1797 87.)

462 1850 680 1885 Quonradus)
698 1850 758 1881 Dei
777 1851 877 1891 gratia
897 1851 1115 1882 Romanorum
1135 1863 1191 1882 rex
1216 1856 1247 1882 et
1265 1863 1394 1893 semper
1415 1856 1571 1893 augustus
1590 1852 1785 1885 consulibus.
1811 1852 1997 1893 capitaneis.

357 1908 389 1934 et
420 1904 569 1933 universo
599 1903 715 1944 populo
740 1903 868 1934 Pisano.
899 1906 963 1933 tam
995 1903 1170 1933 minoribus
1200 1914 1295 1944 quam
1325 1904 1512 1937 maioribus.
1545 1904 1682 1944 gratiam
1709 1914 1798 1934 suam
1825 1907 1857 1934 et
1880 1903 1995 1934 bonam

358 1956 565 1985 voluntatem.

460 2007 539 2036 Post
569 2005 705 2035 reditum
737 2009 876 2036 nostrum
901 2006 919 2036 11,
944 2006 1227 2036 Iherosolimitana
1259 2007 1466 2048 expeditione
1497 2018 1624 2037 0111110111
1649 2006 1747 2038 animi
1772 2007 1870 2037 nostri
1894 2007 1997 2037 inten-

358 2059 475 2088 tionem
501 2061 772 2087 eonverteramus.
797 2061 831 2087 ut
856 2057 976 2097 absque
1002 2068 1108 2087 morae
1134 2058 1316 2098 prolixioris
1340 2059 1521 2089 interventu
1547 2059 1585 2088 ad
1604 2070 1654 2089 res
1672 2059 1786 2089 Italiae
1805 2058 1998 2089 ordinandas

358 2114 389 2139 vt
420 2109 581 2150 pacandas
612 2109 863 2149 ingredereniui:
912 2108 988 2139 10110
1014 2110 1071 2139 fuit
1097 2110 1180 2150 quod
1206 2110 1332 2149 legatos
1358 2111 1625 2141 excellentissimi
1658 2111 1765 2140 fratris
1791 2111 1890 2140 nostri
1916 2110 1997 2141 Gre-

357 2172 465 2191 001001
495 2161 698 2202 imperatoris
728 2160 767 2190 ad
797 2160 1039 2190 universitatem
1071 2166 1211 2191 vestram
1242 2161 1431 2196 direximus.
1464 2162 1502 2192 de
1536 2162 1598 2192 fide
1630 2166 1661 2192 et
1686 2162 1867 2192 constantiav
1891 2166 1997 2192 vestra

357 2213 528 2253 plurimum
570 2212 780 2244 confidentes,
821 2212 972 2252 quatinus
1012 2212 1151 2252 ipsorum
1188 2212 1343 2243 industria
1381 2218 1412 2243 et
1447 2217 1550 2244 vestra
1587 2214 1708 2255 potenti
1746 2215 1862 2244 virtute
1900 2214 1998 2244 hostis

357 2264 523 2304 utriusque
553 2264 680 2304 imperii
712 2274 812 2304 usque
843 2263 880 2293 ad
912 2263 1083 2293 adventum
1114 2268 1257 2294 nostrum
1289 2265 1358 2294 sinc
1394 2266 1632 2296 intermissione
1664 2266 1787 2296 bellicis
1818 2266 1999 2296 incursibus

357 2319 575 2356 quassaretur.
628 2314 731 2345 Decet
761 2315 869 2355 itaque
902 2315 1024 2355 patriae
1051 2315 1230 2355 principem
1257 2319 1365 2356 grates
1391 2327 1428 2346 ae
1454 2317 1712 2347 benevolentiam
1738 2316 1916 2358 rependere
1941 2317 1999 2351 his,

357 2367 409 2407 qui
441 2366 478 2396 ad
510 2370 573 2396 tam
607 2366 772 2406 egregium
805 2376 884 2406 opus
919 2366 1138 2406 pe1·a,e,·en[lmn
1169 2367 1272 2397 animo
1303 2371 1335 2397 et
1365 2378 1463 2408 opere
1496 2368 1633 2409 inparati
1659 2379 1721 2398 non
1746 2369 1885 2403 fuerunt.
1918 2369 1999 2398 sicut

358 2419 418 2448 illis
449 2428 511 2448 non
540 2418 698 2447 immerito
730 2428 809 2458 pena
841 2417 977 2447 debetur
1006 2418 1168 2449 acerbior.
1202 2419 1254 2458 qui
1280 2422 1385 2448 tantos
1410 2419 1455 2449 rei
1480 2420 1629 2460 publicae
1655 2424 1825 2461 provectus
1850 2420 1996 2450 demoliri

358 2473 608 2510 temptaverunt.
656 2469 712 2499 Set
737 2468 995 2499 ardentissimum
1023 2473 1151 2499 nostrae
1172 2470 1342 2500 voluntatis
1361 2471 1501 2501 studium
1519 2482 1632 2502 manus
1650 2471 1767 2505 divina,
1792 2482 1887 2513 quam
1905 2483 1998 2502 nemo

358 2522 538 2551 mortalium
563 2521 666 2561 potuit
689 2520 835 2551 evadere.
863 2520 993 2549 inmissa
1020 2521 1156 2550 coelitus
1182 2521 1366 2552 infirmitate
1393 2522 1588 2563 aliquamdiu
1613 2523 1776 2563 repressit.
1824 2523 1880 2553 Set
1906 2534 1997 2554 recu-

359 2578 470 2614 perata
501 2583 558 2613 per
589 2572 724 2601 eundem
755 2571 1090 2602 miserieordissimnm
1117 2572 1220 2603 Deum
1251 2575 1414 2614 sospitate.
1447 2578 1609 2605 transacto
1636 2580 1768 2605 sacrae“
1793 2579 1998 2615 pentecostes

359 2625 451 2661 festo7
487 2623 669 2663 generalem
702 2624 823 2653 curiam
856 2623 939 2663 apud
969 2623 1178 2664 Ratisponam
1213 2624 1424 2659 celebrantes,
1459 2626 1697 2667 expeditionem
1738 2630 1877 2657 nostram
1908 2627 1996 2667 regio

461 2725 524 2751 130.
548 2727 571 2755 λι)
592 2727 663 2750 vobis
682 2727 735 2750 coit.
834 2727 857 2750 b)
877 2727 1022 2758 qil-»seimus
1042 2727 1095 2750 rod.
1194 2728 1215 2753 ‘l
1236 2729 1304 2758 qsein
1325 2729 1380 2752 cml.
1474 2728 1497 2757 d)
1518 2729 1657 2753 laetabitur
1676 2743 1706 2746 —
1728 2730 1890 2753 vehementer
1909 2729 1996 2754 litteris

358 2774 454 2793 [aalma
473 2770 610 2793 initialibus
630 2770 654 2793 ln
674 2770 727 2793 eud.

463 2811 524 2837 131.
549 2816 572 2838 ³)
592 2813 657 2836 sacri
677 2813 730 2836 [ud.

2024 736 2048 754 lo

2026 997 2047 1014 15

2023 1254 2048 1271 20

2024 1920 2048 1938 30

2025 2179 2048 2197 35

2025 2435 2049 2453 40

2024 2735 2047 2753 45
