2205 3072
319 133 379 161 662
403 122 409 127 ’
486 130 620 156 KAROLI
641 130 759 156 MAGNI
778 129 1021 155 CONSTITUTIO
1042 129 1086 154 DE
1106 128 1349 154 EXPEDITIONE
1368 128 1532 154 ROMANA.
1568 128 1627 154 790.
1663 128 1711 154 Nr.
1729 129 1788 154 447.

318 216 449 246 trarium
480 215 655 245 radicitusg
679 215 859 256 exstirpare
883 215 1095 245 decrevimus.
1142 214 1275 245 Interim
1305 214 1380 244 dum
1410 214 1469 244 hec
1494 216 1677 254 agerentur,
1708 224 1784 245 casu
1810 214 1956 254 contigit,

319 267 479 307 principes
505 277 576 296 cum
600 266 755 297 militibus
774 267 813 297 de
832 266 977 297 Romana
995 265 1211 306 expeditione,
1237 276 1298 306 que
1316 265 1413 296 tunch
1436 265 1588 303 instabat,
1613 265 1729 296 acerbe
1748 265 1955 301 contendere,

318 317 560 358 distringentesi
585 328 638 348 eos
671 318 772 348 multo
805 318 914 359 plures
939 317 1127 358 halspergas
1153 317 1193 347 de
1217 317 1384 347 beneficiis
1417 317 1483 347 suis
1508 316 1591 347 sibik
1615 316 1744 354 ducere,
1776 316 1888 357 quaml
1910 316 1956 346 illi

318 369 496 399 faterentur
520 380 554 399 se
578 380 674 410 posse
699 369 750 399 vel
775 369 842 399 iure
860 369 990 399 debere.
1034 367 1098 398 Sed
1116 368 1293 408 quoniam¹¹¹
1318 368 1399 398 hocn
1422 378 1487 398 non
1504 368 1543 398 ab
1567 368 1672 408 aliquo
1689 371 1956 398 antecessorum⁰

318 424 496 451 nostrorum
520 421 726 451 terminatum
752 420 841 457 fuitv,
875 420 1031 460 dignumq
1055 419 1216 458 duximus,
1239 423 1275 450 ut
1299 430 1409 449 eorum
1434 419 1637 450 altercationi
1661 419 1758 449 finem
1778 422 1810 449 et
1827 418 1956 449 modum

317 472 556 513 imponeremus
581 476 677 512 atque
702 472 866 502 decretum
892 476 924 502 et
941 475 1063 502 certam
1081 472 1221 512 aliquam
1239 471 1345 511 legem
1363 481 1462 512 super
1479 473 1564 501 omni
1581 470 1729 500 Romana
1746 469 1955 510 expeditione

317 523 511 553 ederemusr.

419 575 446 604 2.
473 573 650 604 Statuimus
675 584 752 614 ergo
777 576 808 603 et
832 573 1053 604 decernimus⁸
1077 584 1149 604 cum
1175 583 1334 603 consensu
1359 572 1519 603 omniumt
1541 575 1606 602 tam
1632 572 1846 613 spiritualium
1861 583 1956 614 quam

317 626 508 656 secularium
542 625 719 667 principum
755 625 872 655 ibidem
904 625 1095 655 nobiscumu
1128 624 1354 655 assidentium:
1388 623 1514 665 quando
1544 634 1601 664 pro
1631 634 1748 653 corona
1771 627 1881 654 nostra
1904 625 1956 655 vel

316 682 394 718 prov
417 677 524 718 aliqua
555 678 644 717 regni
672 677 810 707 utilitate
841 680 896 706 aut
925 676 1045 707 honore
1070 676 1217 706 Romana
1250 675 1413 717 expeditio
1437 686 1456 706 a
1479 674 1570 705 nobis
1597 675 1646 705 vel
1671 685 1689 705 a
1713 675 1954 706 successoribus

316 729 435 759 nostris
460 732 660 769 preparetur,
686 728 725 759 ad
750 729 892 758 omnium
917 728 1083 758 nobiscum
1109 728 1254 758 euntium
1279 727 1541 768 preparationem
1566 736 1668 756 annus
1693 736 1765 756 cuni
1782 726 1829 756 VI
1854 726 1956 757 ebdo-

316 779 462 810 madibus
492 790 548 820 pro
578 779 715 810 induciis
739 779 834 810 detur
858 783 891 809 et
914 779 1021 810 taliter
1052 779 1131 820 perh
1156 783 1286 809 totumW
1310 789 1445 819 regnum
1470 778 1619 808 fidelibus
1645 778 1762 807 nostris
1786 777 1956 809 indicetur.

418 832 446 861 3.
472 830 671 871 Cuicumque
704 834 809 860 autem
843 830 1020 860 secundum
1050 830 1132 860 hanc
1164 831 1270 871 legem
1295 829 1433 860 eademX
1457 828 1623 870 expeditio
1647 829 1832 870 imperetur,
1866 830 1891 859 si
1917 829 1957 860 ad

315 882 454 912 curiamy
479 881 655 919 Gallorum,
680 882 739 912 hoc
764 885 830 912 estz
855 882 885 911 in
910 892 1057 922 campum
1082 882 1134 922 qui
1154 882 1249 922 vulgo
1268 881 1430 921 Rungalle
1448 880 1574 916 dicitur,
1599 880 1764 910 dominum
1782 891 1874 911 suum
1891 891 1955 912 non

316 933 486 964 comitetur
510 936 542 963 et
567 933 608 963 ibi
633 944 706 964 cum
731 933 860 963 militari
878 936 1035 974 apparatu
1052 943 1115 963 non
1134 935 1406 973 representatura,
1431 931 1526 962 feodo
1538 932 1561 967 ¹¹,
1586 935 1694 972 preter
1718 932 1776 962 hos
1795 933 1847 973 qui
1865 937 1955 962 cum⁰

316 985 420 1025 gratia
444 985 645 1015 dominorum
671 984 821 1015 suorumd
845 985 1070 1021 remanserint,
1095 985 1124 1014 in
1150 987 1324 1025 conspectu
1350 987 1460 1014 nostro
1485 983 1609 1023 absque
1627 994 1684 1024 spe
1701 985 1958 1024 recuperationis

316 1037 468 1077 privetur.

417 1090 444 1118 4.
476 1086 555 1121 Quiss
580 1090 686 1118 autem
719 1098 777 1128 per
806 1086 1010 1124 hominiums,
1043 1087 1110 1117 sive
1142 1087 1234 1117 liberi
1264 1087 1330 1116 sive
1360 1086 1446 1116 servi
1471 1091 1551 1116 seug
1575 1086 1697 1123 famuli,
1730 1085 1867 1116 dominis
1892 1086 1958 1116 suis

315 1138 511 1173 adheserint,
545 1138 645 1179 quoth
680 1138 791 1169 decem
828 1149 958 1169 mansos
987 1139 1018 1168 in
1050 1138 1208 1168 beneficio
1238 1137 1450 1178 possideant&
1487 1140 1532 1167 tot
1555 1136 1710 1167 bruniask
1734 1147 1806 1167 cum
1830 1137 1956 1168 duobus

316 1190 465 1220 scutariis
489 1189 633 1226 ducant1,
658 1190 703 1220 ita
727 1193 835 1220 tamen
860 1194 894 1220 ut
918 1201 974 1231 pro
1001 1190 1173 1230 halsperga
1197 1193 1262 1219 tres
1287 1199 1413 1220 marcas
1438 1192 1470 1219 et
1493 1199 1550 1229 pro
1569 1188 1703 1229 singulis
1722 1189 1871 1219 scutariis
1889 1189 1955 1219 sin-

314 1241 406 1281 gulas
442 1251 566 1271 marcas
596 1241 766 1282 accipiant.
821 1240 862 1271 Et
892 1242 937 1271 sic
962 1241 1067 1271 eundo
1093 1245 1159 1271 acm
1183 1240 1347 1270 redeundo
1373 1250 1445 1270 cuni
1470 1239 1529 1270 hoc
1553 1239 1745 1280 stipendion,
1780 1240 1848 1270 sinc
1872 1241 1956 1270 omni

315 1292 516 1323 dominorum
553 1292 692 1333 dampno
729 1293 779 1322 vel
821 1303 976 1333 expensa,
1018 1292 1079 1322 nisi
1114 1293 1268 1332 quantum
1304 1291 1402 1332 ipsis⁰
1438 1290 1576 1321 dominis
1614 1291 1782 1332 placuerit,
1818 1291 1960 1322 fideliter

315 1344 464 1375 serviant.

418 1397 446 1426 5.
472 1395 504 1425 Si
530 1398 638 1425 autem
663 1395 755 1430 forte,
789 1393 872 1434 quod
898 1394 993 1429 absit,
1024 1394 1148 1424 accidat
1172 1397 1207 1424 ut
1231 1394 1316 1424 idem
1342 1393 1460 1424 milites
1484 1392 1629 1423 diversos
1653 1393 1801 1424 dominos
1826 1398 1958 1435 propter

315 1446 442 1476 diversa
459 1447 627 1487 acquirant
644 1446 830 1483 benefic-iar,
848 1456 888 1476 ne
906 1445 1035 1486 aliquod
1045 1451 1057 1468 <¹
1076 1446 1266 1476 beneficium
1285 1445 1462 1475 indebitum
1477 1444 1527 1474 vel
1545 1445 1615 1474 sine
1632 1445 1762 1475 servitio
1779 1449 1955 1484 remaneat,

316 1498 433 1537 singuli
459 1498 586 1538 singula
603 1497 711 1527 debita
728 1497 907 1538 stipendiar
931 1497 1064 1537 singulis
1081 1496 1218 1527 dominis
1242 1496 1439 1537 persolvant,
1464 1495 1615 1526 videlicet
1632 1499 1786 1536 quantum
1810 1497 1850 1526 ab
1869 1497 1957 1538 ipsis,

315 1549 339 1578 si
364 1549 476 1587 irent³,
501 1549 664 1590 accepturi
689 1552 790 1584 erant,
816 1552 940 1578 tantum
966 1558 999 1577 se
1017 1548 1146 1578 daturos
1172 1551 1383 1588 cognoscant,
1408 1547 1457 1577 vel
1482 1547 1513 1577 in
1536 1548 1662 1588 prefato
1680 1548 1761 1585 loco,
1786 1552 1820 1578 ut
1837 1548 1957 1578 dictum

316 1604 375 1635 est,
399 1600 527 1630 feodum
553 1600 711 1630 amittant.
750 1599 819 1630 Nisi
838 1599 935 1640 aliqui
953 1610 972 1630 a
989 1600 1094 1629 nobist
1113 1600 1162 1629 vel
1180 1610 1198 1630 a
1216 1610 1314 1640 reguo
1333 1600 1396 1630 sint
1414 1599 1645 1631 inbeneficiatiz
1671 1599 1702 1629 lii
1719 1599 1766 1629 si¹¹
1790 1599 1955 1629 nobiscum

316 1652 443 1688 vadant,
476 1652 644 1682 nolumusv
668 1655 703 1682 ut
726 1651 855 1682 feodum
881 1651 1040 1688 amittant,
1073 1655 1147 1681 setW
1173 1651 1345 1692 stipendia,
1378 1651 1438 1681 nisi
1464 1651 1628 1681 voluntate
1653 1650 1865 1687 dominorum,
1889 1661 1953 1681 non

316 1704 564 1744 pretermittant.

418 1756 446 1786 6.
472 1754 625 1784 Similiter
641 1753 701 1784 de²K
719 1754 928 1784 ecclesiarum
946 1754 1019 1784 filiis
1039 1753 1087 1784 vel
1106 1753 1302 1789 domesticis,
1329 1753 1359 1783 id
1376 1757 1426 1783 est
1444 1753 1718 1789 ministerialibus,
1738 1753 1788 1784 vel
1805 1764 1956 1794 quorum-

315 1816 439 1846 cunque
464 1806 643 1847 principum
668 1805 847 1840 clientela»,
873 1806 925 1845 qui
949 1804 1080 1835 cottidie
1098 1805 1138 1835 ad
1161 1804 1364 1835 serviendum
1383 1805 1504 1846 paratiz
1530 1814 1601 1834 esse
1619 1803 1748 1842 debent,
1774 1805 1955 1842 statuimus,

315 1861 350 1887 ut
366 1857 568 1898 quicunquea
584 1856 611 1887 V
629 1867 757 1886 mansos
774 1856 805 1885 in
824 1856 982 1886 beneflcio
1002 1855 1218 1897 possideantb,
1237 1855 1366 1885 domino
1383 1866 1440 1885 suo
1460 1855 1499 1886 ad
1517 1866 1611 1896 quem
1629 1856 1792 1896 pertinent
1810 1856 1956 1885 bruniam

316 1918 386 1937 cum
410 1918 473 1938 uno
499 1908 637 1938 scutario
662 1908 813 1938 ducant0.

419 1960 445 1989 7.
472 1959 513 1989 Et
538 1959 597 1989 hoc
622 1960 653 1989 in
679 1959 808 1989 arbitrio
834 1958 1036 1988 dominorum
1060 1957 1211 1999 pendeat,
1244 1968 1324 1999 quos
1349 1958 1476 1994 ducant.
1501 1968 1519 1988 a
1544 1958 1660 1998 quibus
1684 1957 1845 1999 stipendia
1869 1958 1952 1988 acci-

316 2011 414 2051 piant,
439 2010 576 2051 quibusss
601 2010 809 2051 halspergase
834 2009 1022 2039 concedant.

418 2063 447 2092 8.
472 2061 555 2102 Ipsis
580 2062 676 2091 etiam
701 2061 739 2091 ad
764 2061 886 2091 itineris
911 2060 1170 2102 preparationem
1188 2059 1217 2090 V
1241 2059 1321 2090 libre
1347 2070 1404 2090 sue
1430 2062 1558 2090 monete
1583 2060 1614 2090 in
1633 2060 1827 2101 stipendium
1855 2060 1955 2090 tribu-

315 2112 432 2147 anturf,
468 2116 500 2142 et
531 2112 592 2143 duo
625 2113 708 2153 equi,
746 2123 828 2143 unus
859 2123 991 2143 currens
1022 2115 1077 2144 etss
1108 2113 1191 2143 alter
1223 2113 1403 2149 ambulans,
1434 2112 1604 2151 addantur,
1638 2123 1675 2142 ac
1705 2112 1828 2142 duobus
1860 2113 1955 2142 sociis

417 2213 481 2240 447.
508 2216 533 2244 8)
553 2223 567 2239 a
586 2216 659 2239 dietis
679 2215 701 2240 1.
790 2214 815 2245 ¹¹)
835 2215 903 2239 deest
921 2215 943 2239 1.
1042 2214 1060 2245 i)
1080 2215 1345 2246 constringentes
1368 2213 1444 2239 2—7.
1532 2213 1556 2245 k)
1574 2215 1641 2239 deest
1659 2214 1682 2239 6.
1702 2213 1726 2239 7.
1813 2213 1833 2244 1)
1852 2214 1913 2245 quia
1934 2213 1956 2238 1.

315 2257 346 2289 ¹¹¹)
366 2258 427 2289 quia
446 2257 471 2287 13
491 2259 541 2289 an»
560 2257 583 2281 4.
671 2260 695 2288 ¹¹)
715 2258 780 2282 deest
800 2258 822 2282 ῖ.
911 2260 934 2287 0)
955 2258 1114 2281 decessorum
1134 2256 1156 2281 7.
1244 2257 1269 2288 1³)
1289 2258 1365 2282 fuerit
1383 2257 1406 2282 3.
1425 2256 1456 2287 43
1476 2258 1558 2281 fuerat
1576 2257 1598 2281 5.
1688 2258 1712 2287 ¹1)
1732 2257 1810 2289 igitur
1832 2257 1858 2287 1;
1882 2257 1953 2281 duxi-

315 2308 371 2324 mus
389 2300 495 2331 dignum
513 2299 536 2323 4.
641 2301 662 2331 ι”)
682 2301 937 2324 concederemus
957 2299 1040 2323 2—7.
1147 2300 1168 2330 S)
1187 2300 1386 2324 decrevimus
1409 2299 1492 2324 2-7.
1597 2300 1617 2330 t)
1637 2300 1774 2324 omnium
1794 2299 1860 2323 deest
1879 2298 1953 2323 2-7.

313 2344 338 2371 ¹¹)
359 2343 394 2366 bis
413 2343 439 2366 in
457 2342 479 2366 6.
500 2341 523 2366 7.
611 2344 635 2373 V)
654 2351 705 2375 pro
725 2343 790 2367 deest
809 2342 884 2367 *ἐρ-7.
971 2344 1000 2372 w)
1020 2350 1063 2374 per
1082 2346 1162 2366 totum
1180 2342 1264 2366 taliter
1281 2342 1304 2366 4.
1387 2342 1412 2373 x)
1432 2350 1513 2373 ffltpra
1533 2342 1578 2366 liu.
1598 2342 1658 2366 add.
1673 2342 1697 2366 2.
1767 2341 1791 2374 y)
1810 2343 1912 2366 ruinam
1935 2341 1957 2366 1.

314 2386 335 2415 Ζ)
350 2393 401 2415 pro
424 2386 471 2409 hoc
490 2389 527 2409 est
548 2385 572 2409 l:
602 2386 676 2409 hunc.
799 2386 822 2415 ²⁴«)
842 2388 1046 2417 representantur
1065 2384 1088 2408 5.
1210 2384 1234 2416 b)
1260 2385 1334 2409 feudo
1353 2384 1439 2415 5-7,
1463 2385 1556 2409 similia
1578 2393 1682 2417 semper.
1796 2386 1818 2415 ⁰)
1848 2385 1915 2408 deest
1933 2384 1957 2409 5.

314 2426 338 2455 (ἰ)
359 2428 425 2452 deest
445 2427 467 2453 1.
589 2430 612 2459 ⁰)
632 2429 792 2459 Quicumque
810 2428 834 2452 ⁶2.
957 2426 978 2457 s)
998 2428 1128 2451 hominum
1149 2426 1171 2451 1.
1191 2427 1214 2451 4.
1339 2428 1363 2457 S)
1383 2428 1466 2451 servi
1485 2435 1538 2452 seu
1558 2428 1608 2452 des.
1622 2427 1697 2452 2-7.
1802 2425 1827 2458 ¹¹)
1846 2427 1913 2459 quod
1932 2426 1956 2450 2.

314 2470 331 2501 i)
350 2471 476 2502 possideat
494 2470 517 2495 2.
640 2470 665 2502 k)
683 2472 780 2495 brunus
798 2470 820 2494 5.
944 2469 961 2501 l)
981 2471 1077 2494 ducant
1099 2483 1129 2487 —
1149 2470 1265 2494 scutariis
1284 2470 1334 2494 des.
1354 2469 1376 2494 4.
1500 2469 1532 2500 ¹¹¹)
1557 2474 1581 2494 et
1599 2470 1623 2494 5.
1728 2470 1752 2500 Β)
1773 2470 1907 2501 stupendio
1926 2469 1954 2499 3;

314 2514 448 2545 stupendis>
467 2522 532 2537 corr.
548 2513 572 2538 4.
677 2514 701 2545 Ο)
721 2514 799 2545 ipsius
816 2512 840 2537 4.
945 2518 970 2544 ¹³)
991 2514 1154 2537 beneficia
1178 2513 1351 2543 acquirant
1374 2511 1450 2537 2-›7.
1550 2516 1575 2543 t1)
1594 2513 1690 2544 aliquot
1708 2512 1732 2537 G.
1753 2512 1774 2537 Τ.
1862 2513 1884 2544 r)
1904 2513 1955 2536 sti-

315 2557 428 2587 pendia
447 2557 513 2580 deest
531 2555 606 2580 2-7.
677 2558 697 2587 Β)
717 2557 800 2581 iurent
823 2557 842 2581 1.
913 2556 932 2585 t)
952 2564 967 2580 a
986 2557 1059 2580 uobis
1078 2557 1157 2587 aliqui
1176 2555 1200 2580 4.
1276 2557 1300 2585 ¹¹)
1319 2556 1386 2579 deest
1405 2555 1428 2579 7.
1499 2556 1523 2586 v)
1543 2556 1662 2580 volumus
1680 2554 1704 2579 (3.
1724 2554 1746 2579 7.
1818 2555 1847 2583 w)
1866 2563 1911 2579 seu
1933 2555 1954 2578 l.

314 2599 339 2628 x)
358 2599 424 2622 deest
444 2599 464 2622 1.
569 2600 593 2631 5)
613 2600 724 2630 sequitur
742 2600 877 2624 statuimus
895 2599 978 2623 statim
997 2599 1103 2623 deletum
1124 2600 1149 2622 ιἰι
1167 2598 1191 2623 ⁴2.
1297 2598 1319 2629 z)
1343 2599 1410 2623 deest
1428 2597 1513 2623 5-7.
1618 2599 1642 2629 ²³)
1660 2599 1703 2630 qui
1725 2597 1745 2622 l.
1835 2597 1858 2629 ὓ)
1877 2598 1954 2629 possi<

314 2641 371 2677 (leat
388 2640 411 2665 2.
500 2641 522 2673 c)
542 2642 619 2666 ducat
638 2642 660 2666 1.
680 2641 703 2666 2.
808 2641 832 2673 d)
852 2643 927 2666 etiam
946 2642 1007 2666 add.
1025 2643 1094 2666 solus
1113 2641 1136 2666 ἴ).
1242 2641 1265 2671 θ)
1284 2641 1447 2673 lialsbergam
1469 2642 1490 2665 l.
1595 2640 1619 2672 f)
1639 2642 1751 2666 tribuant
1772 2639 1794 2664 1.
1881 2643 1906 2668 8)
1926 2645 1955 2664 et

315 2684 380 2707 deest
398 2683 414 2707 ⁸2
426 2697 454 2700 ——
463 2683 485 2708 7,

1985 685 2007 702 10

1984 941 2007 958 15

1984 1199 2009 1217 20

1985 1455 2009 1474 25

1985 1714 2010 1732 30

1981 2265 2006 2282 4⁰

1981 2476 2006 2494 45

1984 2689 2009 2707 50
