2205 3072
153 1372 169 1388 l.

182 1368 203 1386 li«

204 1373 233 1386 Ψ.
241 1370 263 1387 13

267 1368 306 1391 ,23.

312 189 373 218 558
405 166 411 171 ⁵
652 184 824 210 GREGORII
844 183 904 209 VH.
923 181 1122 209 CONCILIUM
1143 180 1337 207 ROMANUM.
1375 180 1449 206 1080.
1487 180 1533 205 Nr.
1548 180 1607 205 391.

313 272 416 302 sicutss
440 272 509 313 ipse
535 271 710 302 Heinricus
741 271 921 301 iuramento
950 280 1009 311 per
1033 269 1113 300 duos
1139 268 1305 309 episcopos
1330 266 1426 297 michi
1450 266 1608 308 promisit.
1655 265 1818 297 Praedicti
1844 268 1952 296 autem

313 323 456 364 episcopi
480 326 512 352 ct
533 323 696 364 principes
718 322 949 352 ultramontani
974 321 1153 357 audientes,
1179 319 1269 350 illum
1290 329 1354 349 non
1373 328 1504 349 servare
1522 317 1623 348 mihih
1648 316 1731 359 quod
1750 316 1954 358 promiserat.

313 375 402 415 quasi
428 373 592 415 desperati
610 373 649 404 de
667 384 715 412 ee,
741 373 825 404 sinei
850 384 922 404 meo
941 372 1077 403 consilio
1095 371 1185 402 vobis
1205 370 1354 408 testibus,
1380 369 1549 410 elegerunt
1567 369 1630 399 sibi
1646 368 1820 399 Rodulfum
1839 367 1953 398 ducem

313 426 343 455 iu
375 436 493 466 regem.
548 424 610 460 Qui
642 436 699 455 rex
728 424 887 455 Rodulfus
919 424 1112 455 festinanter
1135 422 1175 453 ad
1200 432 1250 452 me
1285 421 1383 451 misso
1408 421 1525 451 nuncio
1550 420 1714 457 indicavit,
1748 430 1782 450 se
1807 422 1953 450 coactum

312 477 401 517 regni
431 476 652 517 gubernacula
687 477 882 518 suscepisse,
918 480 1026 507 tamen
1058 473 1155 506 sesek
1186 476 1333 515 paratum
1365 472 1461 503 michi
1486 472 1632 503 omnibus
1663 471 1766 502 modis
1791 470 1953 501 oboedire.
1994 478 2004 494 s·

313 528 354 558 Et
384 528 432 558 ut1
462 528 521 559 hoc
546 528 651 559 verius
684 528 843 564 credatur,
879 539 1009 569 semper
1043 538 1084 558 ex
1115 537 1153 557 eo
1184 530 1327 566 tempore
1352 524 1489 555 eundem
1520 523 1626 554 mihim
1649 523 1737 553 misit
1761 532 1954 556 sermonem,

313 580 456 610 adiciens
482 580 578 610 etiam
603 580 686 610 filio¹¹
711 585 788 610 suo⁰
812 579 923 610 obside
950 584 982 610 et
1011 578 1117 609 fidelis
1144 577 1192 608 sui
1218 576 1308 607 ducis
1333 575 1498 607 Bertaldip
1522 575 1597 613 filio,
1629 574 1713 616 quod
1736 573 1955 615 promittebat,

313 632 471 662 firmare‘l.
522 631 653 662 Interea
683 631 857 662 Heinricus
889 631 975 672 cepit
1005 641 1056 661 me
1088 629 1224 671 precari,
1255 631 1290 658 ut
1320 628 1409 658 illum
1441 630 1551 657 contra
1574 626 1755 668 predictum
1780 625 1954 656 Rodulfum

313 682 509 714 adiuvarem.
568 682 627 713 Oui
664 683 827 725 respondi:
866 694 916 713 me
946 683 1086 713 libenter
1114 681 1235 716 facere,
1271 679 1382 710 audita
1418 679 1588 720 utriusque
1619 677 1719 720 partis
1750 677 1887 713 ratione,
1921 679 1956 706 ut

313 736 436 772 scirem,
462 736 511 766 cui
536 736 656 766 iustitia
681 736 784 777 magis
808 735 943 766 faveret.
990 734 1050 764 Ille
1076 743 1151 764 vero
1176 735 1304 774 putans,
1329 731 1395 762 suis
1421 730 1542 761 viribus
1560 740 1634 760 eum
1654 738 1751 770 posse
1768 728 1954 761 devincere.

314 797 418 817 meam
437 787 631 828 contempsit
647 787 902 828 responsionem.
942 786 1119 827 Postquam
1138 787 1246 815 autem
1269 783 1441 825 persensit,
1467 793 1502 813 se
1520 792 1582 812 non
1600 791 1696 822 posse
1716 780 1798 811 sicut
1815 780 1958 821 speravit

314 849 422 878 agere,
455 838 518 869 duo
548 839 702 880 episcopi,
730 838 953 869 Verdunensis
978 836 1146 867 videlicetr
1176 839 1208 866 et
1233 833 1527 875 OscnburcgensiS,
1558 833 1598 864 de
1631 832 1860 864 consentaneis
1892 831 1957 861 suis

314 890 449 920 Romam
475 894 633 921 venerunt
664 894 695 921 ct
724 890 755 920 in
788 889 911 931 synodo
936 900 977 920 ex
1006 892 1098 930 parte
1123 887 1269 918 Heinrici
1299 897 1360 924 me,
1393 889 1428 916 ut
1452 886 1481 916 ei
1506 885 1660 916 iustitiam
1686 885 1838 923 facerem,
1864 893 1957 923 roga-

315 946 437 972 verunt.
486 942 577 978 Quod
603 946 634 973 et
659 942 765 972 nuncii
784 941 913 972 Rodulfi
940 940 1008 971 fieri
1026 939 1253 970 laudaverunt.
1298 937 1456 974 Tandem,
1480 937 1645 978 aspirante
1663 936 1733 967 Deo
1751 936 1833 966 sicut
1848 934 1955 971 credO,

315 994 409 1024 statui
440 994 470 1024 in
501 994 613 1024 eadem
643 994 779 1035 synodo:
812 994 843 1024 in
873 993 1019 1035 partibus
1048 991 1294 1022 ultramontanis
1324 990 1393 1020 fieri
1423 989 1628 1030 colloquium,
1660 991 1694 1019 ut
1722 988 1785 1019 illic
1810 991 1865 1018 aut
1889 998 1953 1028 pax

315 1048 511 1076 statueretur
546 1050 612 1083 aut,
648 1046 697 1076 cui
727 1045 864 1086 amplius
900 1044 1023 1074 iustitia
1055 1043 1188 1076 faveret.
1221 1044 1484 1083 cognosceretur.
1538 1040 1628 1081 Egos
1658 1040 1753 1075 enim,
1786 1039 1869 1069 sicut
1901 1049 1957 1068 vos

315 1097 391 1127 mihi
415 1101 516 1128 testes
542 1097 619 1127 estis
645 1102 754 1138 patres
780 1101 811 1127 et
835 1096 964 1130 domini,
996 1105 1096 1136 usque
1126 1094 1221 1125 hodie
1246 1093 1368 1124 nullam
1399 1096 1522 1134 partem
1548 1092 1690 1133 disposui
1716 1091 1870 1123 adiuvare
1896 1091 1957 1120 nisi

315 1159 396 1184 cam.
422 1149 472 1179 cui
497 1149 569 1190 plus
594 1149 717 1179 iustitia
741 1148 876 1179 faveret.
922 1147 964 1178 Et
988 1147 1063 1188 quia
1087 1145 1253 1188 putabam,
1278 1144 1362 1186 quod
1388 1144 1535 1174 iniustior
1554 1154 1628 1185 pars
1647 1143 1839 1184 colloquium
1858 1142 1959 1173 nollet

315 1201 393 1235 ficri,
418 1201 472 1231 ubi
497 1200 619 1231 iustitia
643 1211 734 1230 suum
759 1200 862 1230 locum
888 1202 1042 1235 servaret,
1076 1196 1353 1228 excommunicavi
1379 1201 1411 1227 et
1441 1195 1649 1226 anathemate
1674 1195 1821 1236 alligavit
1845 1204 1957 1225 omnes

316 1263 470 1293 personas
494 1252 562 1282 sive
587 1252 673 1292 regis
698 1252 766 1282 sive
791 1251 881 1282 ducis
906 1254 962 1281 aut
985 1250 1126 1291 episcopi
1152 1259 1210 1279 scu
1236 1248 1372 1279 alicuius
1391 1247 1540 1284 hominis,
1565 1246 1617 1287 qui
1636 1246 1829 1287 colloquium
1849 1246 1955 1287 aliquo

317 1304 445 1344 ingenio
470 1303 650 1345 impediret,
676 1306 732 1333 nt¹¹
756 1314 817 1333 non
842 1303 944 1334 fieret.
990 1300 1159 1332 Predictus
1186 1304 1293 1331 autem
1313 1299 1486 1330 IIeinricus
1511 1309 1583 1329 cum
1606 1298 1670 1328 suis
1691 1297 1870 1328 fautoribus
1896 1308 1958 1328 non

318 1356 434 1386 timens
459 1356 634 1396 periculum
660 1355 931 1389 inoboedientiae,
957 1353 1042 1395 quod
1066 1356 1115 1384 est
1133 1352 1239 1383 scelus
1261 1351 1439 1389 idolatriae,
1465 1350 1659 1391 colloquium
1678 1348 1883 1391 impediendo
1902 1359 1959 1380 ex-

317 1407 639 1438 communicationem
665 1407 796 1438 incurrit
821 1410 852 1437 et
877 1417 911 1437 se
936 1406 1039 1447 ipsum
1064 1404 1279 1435 anathematis
1298 1403 1424 1434 vinculo
1449 1403 1594 1444 alligavit
1618 1412 1833 1443 magnamque
1850 1401 1959 1432 multi-

317 1458 458 1489 tudinem
484 1458 731 1489 christianorum
757 1458 850 1488 morti
876 1457 977 1487 tradiv
1003 1460 1035 1487 et
1058 1456 1214 1487 ecclesias
1240 1455 1315 1485 fecit
1340 1454 1489 1496 dissipari
1514 1458 1545 1485 et
1563 1458 1664 1485 totum
1682 1464 1786 1495 paene
1804 1452 1958 1484 Teutoni-

318 1521 426 1541 corum
454 1521 586 1551 regnum
612 1509 803 1540 desolationi
830 1509 928 1540 dedit.
975 1507 1180 1549 Quapropter
1204 1506 1369 1538 confidens
1393 1506 1432 1537 de
1458 1506 1576 1537 iudicio
1602 1510 1634 1537 et
1659 1505 1880 1536 misericordia
1897 1504 1956 1535 Dei

317 1563 448 1603 eiusque
475 1563 619 1603 piissime
646 1562 754 1592 matris
779 1572 907 1602 semper
932 1561 1064 1601 virginis
1089 1559 1221 1594 Mariae,
1247 1559 1346 1589 fultus
1374 1562 1481 1589 vestra
1505 1557 1708 1592 auctoritate,
1735 1567 1833 1598 saepe
1857 1557 1959 1587 nomi-

316 1618 425 1644 natum
443 1613 641 1650 Heinricum,
666 1624 760 1654 quem
780 1623 888 1653 regem
906 1612 1026 1647 dicunt,
1052 1621 1228 1651 omnesque
1247 1610 1389 1641 fautores
1407 1610 1476 1640 eius
1493 1608 1816 1640 excommunicationi
1834 1608 1959 1639 subicio

316 1669 373 1695 etw
398 1665 615 1696 anathematis
642 1665 778 1695 vinculis
802 1664 908 1705 alligo.
957 1663 998 1693 Et
1023 1663 1162 1693 iterumx
1187 1672 1321 1703 regnum
1339 1661 1590 1692 Teutonicorum
1616 1664 1648 1691 et
1664 1659 1778 1691 Italiae
1804 1670 1845 1690 ex
1869 1663 1960 1701 parte

317 1716 543 1757 omnipotentis
569 1716 629 1747 Dei
654 1720 685 1746 ct
710 1720 818 1747 vestra
842 1715 1035 1745 interdicens
1059 1715 1098 1750 ei,
1125 1724 1252 1744 omnem
1284 1717 1477 1754 potestatem
1503 1717 1535 1743 et
1560 1711 1750 1753 dignitatem
1773 1711 1820 1742 illi
1836 1712 1960 1752 regiam

317 1768 394 1798 tollo
428 1772 469 1805 ct,
502 1771 535 1798 ut
567 1768 674 1798 nullus
700 1768 966 1798 christianorumy
991 1767 1021 1797 ei
1047 1766 1130 1797 sicut
1155 1765 1222 1806 regi
1249 1765 1411 1801 oboediat,
1437 1764 1592 1795 interdico
1617 1768 1822 1804 omnesqnez,
1852 1763 1904 1804 qui
1930 1763 1958 1793 ei

317 1820 503 1850 iuraverunt
528 1820 578 1850 vel
605 1820 756 1850 iurabunt
780 1819 819 1851 de
845 1820 936 1861 regni
962 1820 1191 1854 dominatione,
1217 1830 1232 1849 a
1259 1819 1430 1849 iuramenti
1456 1817 1669 1859 promissione
1694 1817 1839 1847 absolvo.
1886 1816 1961 1857 Ipse

317 1876 424 1902 autem
450 1871 623 1902 IIeinricus
650 1882 720 1902 cnm
747 1872 812 1902 suis
838 1872 1018 1902 fautoribus
1044 1872 1074 1902 in
1101 1871 1187 1901 omni
1205 1870 1436 1911 congressione
1454 1869 1531 1900 belli
1549 1868 1654 1899 nullas
1674 1869 1756 1899 vires
1774 1868 1961 1908 nullamque

318 1923 347 1952 in
378 1923 443 1953 vita
472 1933 527 1953 sna
558 1923 722 1954 victoriam
756 1924 912 1964 optineat.
966 1923 1010 1954 Ut
1039 1926 1146 1953 autem
1180 1921 1337 1953 Rodulfus
1371 1932 1504 1962 regnum
1530 1920 1780 1951 Teutonicorum
1815 1922 1906 1960 regat
1930 1922 1962 1949 et

318 1974 480 2011 defendat,
512 1985 606 2015 quem
636 1974 805 2005 Teutonici
837 1975 1008 2015 elegerunt
1041 1974 1102 2005 sibi
1132 1974 1162 2004 in
1188 1984 1308 2015 regem,
1341 1972 1380 2004 ad
1406 1976 1565 2003 vestrama
1589 1971 1779 2002 fidelitatem
1805 1981 1845 2001 ex
1870 1973 1961 2012 parte

318 2030 426 2056 vestra
456 2026 548 2059 dono.
581 2026 719 2066 largiorb
750 2029 781 2057 et
813 2026 971 2058 concedo:
1000 2025 1166 2056 omnibusc
1191 2025 1250 2056 sibi
1283 2024 1422 2055 fideliter
1446 2023 1698 2054 adhaerentibus
1723 2022 1959 2053 absolutionem

319 2078 458 2108 omnium
484 2082 690 2119 pcccatorum
717 2081 922 2119 vestramque
947 2077 1206 2108 benedictionem
1232 2077 1262 2107 in
1294 2076 1352 2107 hac
1378 2076 1442 2106 vita
1467 2079 1498 2106 et
1522 2075 1553 2105 in
1578 2075 1697 2110 futura,
1729 2076 1836 2104 vestra
1859 2073 1961 2103 fretus

319 2128 435 2159 fiducia
465 2130 593 2170 largior.
649 2130 739 2160 Sicut
770 2130 854 2160 enim
886 2129 1061 2159 Heinricus
1091 2139 1148 2169 pro
1179 2139 1236 2158 sua
1266 2127 1426 2169 superbia,
1458 2126 1697 2157 inoboedientia
1721 2128 1753 2156 et
1778 2125 1919 2156 falsitate
1943 2135 1962 2155 a

320 2181 410 2221 regni
442 2180 599 2221 dignitate
632 2183 713 2212 iuste
739 2181 885 2214 abicitur.
916 2181 961 2210 ita
985 2179 1124 2210 Rodulfo
1151 2191 1206 2221 pro
1235 2190 1293 2210 suav
1317 2179 1507 2216 humilitate,
1540 2177 1745 2209 oboedientia
1769 2180 1801 2208 et
1826 2176 1961 2207 veritate

319 2236 465 2272 potestas
491 2237 523 2263 et
546 2233 687 2273 dignitas
713 2233 802 2273 regni
828 2231 1024 2263 conceditur.

422 2284 520 2324 Agite
546 2295 629 2314 nunc
654 2294 762 2325 queso,
788 2288 896 2324 patres
923 2287 954 2314 ct
977 2283 1139 2324 principes
1165 2282 1370 2316 sanctissimi,
1396 2286 1431 2312 ut
1455 2282 1558 2312 omnis
1583 2281 1721 2312 mundus
1746 2280 1906 2321 intelligat
1930 2282 1962 2310 et

320 2339 503 2376 cognoscat,
528 2336 611 2376 quia,
637 2336 662 2366 si
688 2336 822 2376 potestis
848 2335 878 2365 in
903 2335 992 2365 coelo
1017 2335 1119 2375 ligare
1145 2338 1176 2365 et
1201 2334 1338 2371 solvere,
1365 2333 1501 2374 potestis
1527 2333 1557 2363 in
1582 2336 1667 2363 terra
1684 2332 1827 2374 imperia,
1853 2342 1962 2372 regna,

320 2387 525 2428 principatuS,
550 2387 697 2419 ducatus.
723 2386 892 2421 marchias,
917 2386 1087 2417 comitatus
1106 2390 1137 2417 et
1155 2386 1293 2416 omnium
1317 2383 1502 2415 hominumd
1528 2384 1750 2426 possessiones
1769 2394 1826 2425 pro
1844 2383 1964 2414 meritis

321 2439 432 2469 tollere
458 2438 648 2479 uuicuiquee
673 2443 705 2469 ct
723 2439 898 2469 concedere
909 2438 926 2468 f.
966 2438 1032 2468 Vos
1051 2439 1135 2468 enim
1145 2443 1156 2456 *³
1175 2437 1421 2479 patriarchatus,
1445 2437 1633 2478 primatusss,
1652 2435 1963 2477 archiepiscopatus,

322 2490 526 2531 episcopatus
556 2491 742 2530 frequenter
772 2490 890 2520 tulistis
922 2490 1028 2530 pravis
1054 2494 1085 2520 et
1115 2489 1251 2528 indignis
1283 2492 1315 2519 et
1339 2488 1500 2527 religiosis
1526 2487 1600 2518 viris
1624 2487 1770 2518 dedistis.
1818 2486 1852 2517 Si
1879 2486 1963 2516 enim

423 2592 487 2617 391.
513 2598 537 2618 ¹⁴>
557 2599 579 2617 ct
600 2594 661 2618 «edd.
676 2594 698 2617 31'.
789 2593 812 2624 ¹¹)
833 2594 898 2618 dees!
917 2594 938 2618 3.
1028 2593 1045 2620 il
1064 2594 1118 2617 sine
1139 2602 1193 2617 meo
1212 2594 1317 2618 consilio
1336 2593 1386 2617 iles.
1398 2592 1421 2617 3.
1511 2590 1535 2619 k)
1555 2600 1581 2616 se
1601 2591 1624 2616 2.
1708 2590 1726 2620 l)
1747 2595 1775 2615 ut
1795 2603 1825 2607 —
1845 2590 1963 2614 credatur

322 2636 372 2660 dns.
385 2635 408 2659 3.
428 2635 451 2659 4.
540 2641 570 2660 ¹¹¹³
592 2645 690 2668 <emper
709 2637 822 2660 abunda!
845 2637 864 2661 l.
953 2641 978 2662 Π»
998 2642 1021 2660 et
1041 2637 1092 2660 tilio
1111 2636 1133 2660 4.
1206 2637 1229 2665 0)
1250 2637 1308 2661 dato
1327 2636 1388 2660 mid.
1402 2635 1425 2659 3.
1445 2634 1468 2660 4.
1540 2634 1563 2662 P)
1582 2634 1710 2659 Bertlloldi
1729 2633 1758 2659 4:
1783 2634 1834 2657 filio
1853 2633 1920 2657 deest
1939 2632 1963 2657 3.

322 2683 345 2701 'li
365 2683 520 2703 saei-:uncino
540 2680 637 2703 lii-mare
656 2679 684 2706 :3;
705 2680 853 2703 confirmare
871 2678 894 2703 4.
982 2683 1003 2704 Υ)
1023 2680 1176 2703 'l'codericus
1195 2679 1256 2703 add.
1270 2678 1293 2703 3.
1383 2678 1402 2708 s)
1422 2679 1475 2709 Ego
1494 2691 1525 2693 ᾉ
1546 2678 1642 2702 faveret
1660 2677 1711 2701 des.
1724 2675 1748 2700 3.
1766 2675 1790 2700 4.
1862 2676 1881 2706 ι)
1901 2675 1962 2699 obli-

321 2719 421 2752 gavi-⁰».
493 2725 517 2744 '¹¹
538 2722 590 2745 loro
612 2727 635 2745 ιιῐ
657 2722 740 2746 110113.
756 2722 785 2746 4:
806 2731 849 2747 nc:
868 2721 897 2746 2:
919 2726 953 2746 nt.
1026 2726 1049 2747 v)
1069 2723 1170 2746 tradidit
1186 2721 1213 2748 ⁸2:
1233 2722 1308 2746 tradit
1322 2720 1346 2745 4.
1417 2724 1446 2751 w)
1466 2725 1490 2743 et
1504 2734 1534 2737 —
1548 2721 1625 2751 alligo
1644 2720 1692 2744 (les.
1706 2718 1730 2743 3.
1802 2720 1826 2749 x)
1845 2722 1925 2742 totum
1939 2717 1963 2742 4.

321 2769 345 2787 Μ
366 2765 520 2788 christianus
540 2763 561 2788 9.
583 2764 605 2788 3.
625 2764 647 2789 4.
737 2767 757 2790 ‘i
778 2773 917 2796 omnesque
938 2779 968 2781 ᾖ
988 2765 1092 2789 absolvo
1112 2765 1162 2789 «les.
1176 2764 1200 2788 3.
1290 2767 1312 2793 a)
1334 2768 1445 2788 nostram
1465 2762 1489 2788 4.
1570 2761 1595 2793 ¹¹)
1615 2763 1681 2787 deest
1699 2761 1723 2786 2.
1794 2761 1816 2793 c)
1836 2761 1963 2785 omnibus-

323 2816 370 2837 qm·
390 2808 411 2829 tt.
431 2806 453 2830 ⁴l⁴
543 2806 567 2832 *¹l
587 2808 652 2830 tlmaxl
672 2808 694 2831 2.
801 2808 823 2837 0)
845 2808 911 2831 deest
929 2806 952 2831 3.
1050 2806 1071 2837 f)
1092 2808 1262 2840 possessiones
1282 2807 1368 2831 tollore
1387 2810 1409 2831 cl
1430 2807 1524 2830 meritis
1544 2806 1680 2830 concedere
1699 2804 1723 2830 4.
1810 2805 1834 2835 g)
1855 2804 1921 2827 dm!
1939 2803 1962 2828 2.

1984 733 2007 752 10

1984 1254 2010 1273 20

1985 1512 2009 1530 25

1988 1769 2012 1786 30

1988 2296 2014 2313 40

1989 2594 2014 2612 45»

1992 2810 2015 2828 μ)
