2205 3072
136 720 159 737 10

137 981 159 999 15

137 1754 160 1771 30

136 2015 159 2034 35

136 2274 160 2291 40

137 2765 161 2782 50

593 155 776 182 FRIDERICI
796 156 815 182 I.
834 156 1156 184 CONSTITUTIONES.
1192 159 1267 185 1160.
1303 159 1349 185 Nr.
1366 160 1421 186 190.
1768 163 1829 193 267

289 242 444 273 Preterea
472 241 607 272 Petrusc
637 242 770 273 illustris
801 242 898 273 Urbis
929 244 1122 284 praefectus,
1157 244 1340 287 Stephanus
1370 245 1408 277 de
1434 246 1608 283 Tebaldod,
1641 247 1829 289 Stephanus

187 295 419 331 NOi'mannus⁹‚
451 293 652 324 Guimundus
681 294 787 325 filiusf
810 294 896 325 Petri
922 295 1053 331 Leonis,
1084 296 1246 327 Ioannesg
1270 297 1309 328 de
1336 298 1501 339 Stephano
1532 302 1565 329 et
1589 298 1643 329 alii
1667 299 1830 340 principes

189 351 220 377 et
244 346 368 377 nobiles
392 345 539 379 Romani,
570 346 623 386 qui
653 346 692 376 ad
716 347 916 377 vocationem
949 348 1146 378 serenissimi
1176 349 1379 390 imperatoris
1404 353 1569 386 venerant.
1602 350 1633 380 in
1658 354 1830 392 conspectu

188 398 315 430 concilii
340 408 437 438 super
460 397 524 427 iam
548 396 641 427 dictis
666 398 814 439 capitulis
833 409 943 429 omnes
961 400 1081 441 pariter
1099 400 1339 430 testimoniumh
1365 401 1523 432 similiteri
1548 401 1782 443 perhibuerunt
1799 404 1831 432 et

186 443 291 481 iurare
308 450 487 480 voluerunt.
528 448 591 479 Sed
609 459 665 479 nos
685 449 777 490 quiak
803 450 1037 491 relligiosorum
1060 451 1429 493 archipresbyterorum¹
1448 453 1616 483 multorum
1636 451 1681 495 [et
1698 453 1831 495 capituli

186 503 273 534 beati
297 499 394 543 Petri]
420 501 639 531 testimonium
665 501 828 532 sufficiens
853 505 885 533 et
909 503 1221 534 abundantissimum
1240 504 1438 535 habebamus
1448 510 1478 543 ¹1¹,
1504 505 1654 536 duximus
1671 505 1761 536 laicis
1778 505 1832 535 in¹¹

186 555 246 585 hac
268 557 360 595 parte
383 552 589 594 parcendum.

289 608 316 635 4.
341 603 468 635 Deinde
492 603 696 635 venerabiles
721 604 865 645 episcopi
889 604 1095 636 Hermannus
1112 606 1301 642 Verdensis,
1326 607 1445 638 Daniel
1470 608 1643 649 Pragensis
1660 607 1729 639 *et*
1752 607 1828 638 Otto

186 658 347 700 palatinus
383 666 491 687 comes
529 658 560 686 et
596 654 795 696 *magister*
828 655 1035 687 Herbertus0
1066 658 1265 699 prepositus,
1303 670 1382 700 quos
1414 659 1549 690 domnus
1585 660 1760 701 imperator
1790 669 1831 690 ex

187 709 318 741 consilio
343 708 461 739 XXHv
491 708 712 749 episcoporum
745 710 777 738 et
807 708 979 738 multorum
1005 709 1253 751 religiosorumq
1284 711 1437 742 abbatum
1463 711 1663 753 aliorumque
1688 711 1830 752 relligio—

186 772 291 793 sorum
333 764 407 791 tunc
446 759 646 801 presentium
682 759 836 789 Romamr
874 759 1090 801 delegaverat,
1126 767 1161 792 ut
1201 766 1309 804 partes
1352 766 1426 793 ante
1469 763 1594 793 concilii
1634 763 1831 804 presentiam

186 814 319 855 Papiam
344 816 546 845 ev00a1·e11t³.
578 812 609 841 in
635 814 810 852 conspectu
835 812 973 843 conciliii
998 814 1217 844 testimonium
1243 815 1487 856 perhibuerunt,
1514 814 1597 856 quod
1621 814 1832 845 Rollandumt

186 865 412 896 cancellarium
443 868 475 894 et
504 867 628 905 partem
659 863 728 893 eius
757 863 869 894 trinisu
893 864 1006 895 edictis
1038 875 1094 906 per
1123 866 1295 897 intervalla
1320 865 1526 908 [temporum]
1555 866 1774 908 peremptorie
1800 869 1832 896 et

187 916 427 957 sollempniterv
456 915 494 945 ad
525 915 721 956 presentiam
750 916 931 946 aecclesiae
956 916 1075 958 Papiae
1107 917 1206 959 [tunc]
1234 918 1491 959 congregandae,
1522 922 1643 948 remoto
1669 918 1754 948 omni
1780 928 1830 948 se-

188 969 287 999 culari
310 968 437 1001 iudicio,
461 970 673 1003 vocaverunt,
706 970 738 997 et
762 967 846 1007 quod
871 967 1050 999 Rollandus
1076 970 1286 1000 cancellarius
1318 974 1350 1001 et
1375 970 1422 1000 sui
1448 969 1630 1000 cardinales
1655 970 1727 999 viva
1750 979 1829 1000 voce

187 1025 218 1052 et
247 1031 301 1051 ore
331 1020 458 1061 proprio
491 1019 643 1049 iudicium
673 1019 722 1049 vel
756 1029 893 1049 examen
923 1020 1079 1060 aliquodw
1109 1021 1288 1052 aecclesiae
1321 1032 1354 1052 se
1380 1022 1464 1052 nolle
1490 1021 1634 1062 recipere
1658 1020 1831 1051 manifeste

186 1073 344 1103 dixerunt.

288 1127 314 1154 5.
340 1122 529 1165 [Ostensum
561 1126 623 1159 est.
656 1122 740 1163 quod
766 1122 850 1153 idem
883 1123 981 1164 leg-ati
1005 1124 1166 1154 Rollando
1195 1125 1347 1166 suisquex
1372 1124 1564 1165 sequacibus
1590 1124 1831 1155 securissimum

186 1175 375 1207 conductum
402 1175 460 1206 sub
485 1174 547 1205 fide
574 1174 766 1204 sacramenti
791 1175 820 1204 in
846 1175 950 1205 eundo
976 1175 1014 1205 ad
1041 1176 1210 1206 concilium
1235 1181 1267 1207 et
1285 1176 1447 1207 redeundo
1465 1179 1632 1217 praestare
1650 1176 1831 1206 voluerunt.

137 1240 147 1257 ι
187 1228 236 1259 Ad
262 1228 390 1259 maioris
416 1238 541 1268 quoque
571 1226 752 1256 securitatis
782 1226 1015 1267 plenitudinem
1040 1227 1188 1258 dominus
1214 1238 1299 1269 papa
1324 1228 1435 1258 Victor
1464 1238 1557 1259 arces
1584 1231 1615 1258 ct
1640 1227 1775 1258 castella
1799 1231 1831 1258 et

186 1280 300 1311 fratres
332 1291 368 1310 ac
401 1282 534 1320 nepotes
564 1289 637 1308 suos
671 1277 800 1308 obsides
835 1279 880 1308 eis
910 1278 1041 1315 obtulit,
1078 1280 1103 1310 si
1133 1280 1164 1310 in
1197 1280 1279 1311 facie
1311 1280 1470 1311 aecclesie
1501 1290 1610 1310 secum
1635 1280 1686 1310 iny
1712 1279 1830 1309 iudicio

186 1332 299 1362 sistere
325 1332 512 1361 voluissent.
558 1329 735 1360 Rollandus
762 1340 848 1364 vere,
874 1331 926 1371 qui
952 1336 1026 1361 ante
1052 1331 1235 1362 huiusmodi
1261 1333 1462 1363 vocationem
1488 1332 1665 1362 instanterz
1698 1341 1756 1372 per
1780 1331 1830 1360 lit-

185 1386 271 1414 teras
295 1386 327 1413 et
351 1393 409 1424 per
437 1383 563 1423 legatos
595 1392 669 1412 suos
702 1381 852 1412 iudicium
884 1383 1070 1413 multotiens
1096 1384 1333 1425 postulaverat,
1366 1384 1423 1414 has
1449 1394 1561 1414 omnes
1586 1383 1774 1413 vocationes
1800 1386 1832 1413 et

186 1435 366 1465 securitatis
390 1435 621 1476 promissiones
647 1434 878 1465 contumaciter
903 1438 935 1465 et
961 1435 1102 1476 superbe
1129 1436 1333 1477 contempsit.
1379 1435 1558 1466 Praeterea
1575 1434 1831 1465 coniurationem

137 1496 147 1514 2
188 1487 269 1517 inter
297 1486 490 1517 Rollandum
526 1490 557 1516 et
587 1496 660 1515 suos
693 1496 847 1526 sequaces
878 1486 1057 1517 cardinales
1083 1492 1175 1517 cuma
1199 1487 1498 1517 Mediolanensibus
1528 1490 1559 1517 et
1585 1486 1692 1517 Siculo
1717 1486 1831 1516 nefan-

187 1538 317 1569 dissime
349 1542 567 1579 perpetratam
600 1541 649 1567 ety
678 1548 735 1579 per
764 1538 851 1579 ipsos
883 1539 1100 1569 coniuratores
1130 1543 1162 1569 et
1192 1550 1250 1580 per
1279 1539 1404 1569 litteras
1434 1538 1583 1569 Rollandi
1607 1537 1831 1568 Mediolanen-

187 1590 293 1620 sibusb
326 1590 465 1620 directas
502 1593 533 1619 et
567 1588 636 1618 aliis
674 1590 946 1620 manifestissimis
976 1591 1194 1631 argumentise
1233 1591 1504 1632 deprehendimus
1543 1594 1574 1620 et
1608 1589 1830 1631 cognovimus.

188 1641 284 1672 Cuius
310 1641 542 1672 coniurationis
567 1644 660 1670 tenor
685 1645 716 1671 et
741 1641 939 1672 continentia
963 1642 1037 1672 talis
1063 1646 1143 1681 erat,
1174 1646 1209 1673 ut
1233 1653 1407 1684 numquam
1432 1642 1514 1672 alter
1539 1642 1607 1672 sine
1632 1642 1734 1673 altero
1760 1652 1831 1672 cum

186 1693 332 1724 Romano
368 1693 502 1734 imperio
539 1703 652 1734 pacem
689 1696 824 1729 teneret,
862 1698 893 1724 et
929 1693 977 1724 sid
1007 1694 1134 1725 interim
1167 1705 1283 1736 papam
1308 1694 1487 1725 Adrianum
1514 1694 1594 1724 mori
1620 1694 1833 1734 contingeret,

188 1756 284 1776 unum
309 1745 348 1775 de
378 1745 439 1776 illis
469 1744 686 1775 cardinalibus
717 1749 748 1775 et
780 1756 842 1775 non
868 1746 966 1776 alium
992 1746 1022 1776 in
1047 1757 1163 1788 papam
1188 1747 1355 1787 eligerent,
1389 1747 1442 1788 qui
1473 1745 1586 1776 eadem
1613 1745 1833 1776 coniuratione

186 1800 358 1828 teneretur.
404 1797 466 1827 Per
491 1797 609 1837 scripta
639 1797 735 1827 etiam
761 1797 911 1827 Rollandi
946 1809 1003 1829 suo
1030 1799 1134 1839 sigillo
1166 1798 1288 1829 bullata
1313 1802 1344 1828 et
1368 1799 1399 1829 in
1424 1798 1501 1828 orbe
1527 1798 1718 1828 transmissa
1743 1799 1775 1827 et
1802 1797 1834 1826 in

188 1852 361 1890 conspectu
386 1849 511 1879 concilii
536 1849 682 1883 recitata.
715 1849 885 1880 mendacia
916 1850 1180 1881 manifestissima
1204 1861 1240 1880 ac
1270 1850 1477 1881 detestabilia
1501 1849 1775 1890 deprehendimus
1801 1849 1833 1878 in

188 1900 266 1931 haec
291 1900 404 1931 verba:
430 1900 614 1931 ‘Testamur
638 1899 753 1938 Deum,
780 1911 874 1941 quem
900 1902 1022 1932 nullum
1047 1902 1126 1932 latet
1151 1906 1325 1939 secretum,
1351 1901 1435 1942 quod
1460 1912 1521 1931 non
1548 1901 1750 1932 mendacium
1774 1900 1831 1930 fin-

187 1953 305 1993 gimus,
341 1952 397 1983 sed
430 1963 551 1982 meram
585 1952 666 1982 sicut
699 1956 747 1983 est
777 1953 936 1994 loquimur
964 1954 1150 1991 veritatem,
1187 1954 1261 1995 quia
1291 1953 1354 1984 duo
1389 1957 1513 1984 tantum
1539 1953 1709 1993 elegerunt
1733 1951 1831 1982 Oeta-

188 2004 327 2043 vianum,
351 2004 533 2034 Iohannese
559 2003 668 2034 Sancti
694 2004 823 2034 Martini
848 2009 879 2035 et
904 2004 1026 2035 Guidof
1049 2005 1234 2036 Cremensis
1259 2005 1449 2040 cardinales,
1481 2005 1578 2035 ceteri
1604 2015 1678 2035 vero
1704 2008 1835 2034 omnesz

187 2055 217 2085 in
247 2059 388 2086 nostram
424 2066 595 2097 personam
627 2055 867 2087 convenerunt'.
919 2057 955 2087 Iu
991 2057 1036 2087 his
1068 2058 1175 2098 itaque
1201 2057 1329 2087 verbisg
1354 2056 1540 2087 venerabile
1575 2056 1746 2086 concilium
1771 2065 1833 2085 non

188 2107 290 2137 solum
310 2107 498 2137 mendaciah
515 2107 778 2138 manifestissima
794 2108 1018 2149 deprehendit,
1038 2109 1094 2139 sed
1113 2109 1211 2139 etiam
1229 2109 1420 2139 detestabile
1440 2109 1616 2150 periurium
1634 2107 1834 2148 recognovit,

186 2158 318 2189 Praeter
354 2169 409 2189 eos
442 2169 581 2200 namque
617 2159 710 2189 duosi
748 2160 941 2197 cardinales,
983 2171 1062 2202 quos
1098 2160 1260 2191 dominum
1285 2161 1451 2191 Victorem
1487 2160 1626 2200 elegisse
1658 2158 1833 2189 Rollandus

187 2211 337 2241 asseruit.
375 2210 546 2241 habuimus
582 2211 612 2240 in
650 2211 731 2241 facie
763 2212 887 2242 concilii
917 2212 1093 2243 electorem
1123 2217 1155 2243 et
1184 2216 1441 2243 consecratorem
1472 2211 1592 2242 domini
1625 2221 1728 2252 papae
1754 2210 1831 2240 Vic-

187 2262 272 2299 toris.
306 2262 477 2292 domnumg
508 2262 647 2292 Imarum
682 2263 901 2294 venerabilem
931 2263 1172 2294 Tusculanumk
1204 2264 1325 2295 scilicet
1358 2264 1555 2305 episcopum,
1592 2263 1733 2292 omnium
1764 2272 1829 2291 ear-

187 2313 340 2344 dinalium
365 2313 515 2355 priorem¹
541 2318 572 2345 et
596 2314 820 2354 antiquiorem,
846 2316 936 2346 cuius
963 2320 1031 2346 erat
1054 2317 1157 2357 prima
1181 2327 1243 2347 vox
1267 2317 1298 2346 in
1317 2316 1475 2346 electione
1494 2314 1664 2356 pontificis.
1703 2313 1831 2343 Habui-

187 2375 255 2395 mus
288 2368 321 2396 et
350 2369 554 2406 praesentem
586 2366 736 2396 domnum
762 2366 815 2397 W.
840 2367 1036 2399 cardinalem
1068 2368 1178 2399 Sancti
1202 2368 1289 2398 Petri
1320 2367 1359 2398 ad
1385 2367 1532 2404 Vincula,
1565 2376 1659 2406 quem
1685 2364 1832 2395 advocati

292 2459 353 2484 190.
382 2460 405 2487 0)
425 2461 451 2484 Ρ.
467 2460 496 2484 L.
611 2459 634 2489 d)
656 2462 785 2485 Thebaldo
805 2462 836 2486 B.
853 2463 883 2491 C:
911 2463 1006 2487 Thebis
1026 2463 1055 2487 L.
1170 2466 1191 2492 e)
1212 2464 1384 2487 Nortmannus
1404 2464 1434 2486 G.
1454 2461 1500 2485 Fr.
1612 2459 1635 2491 f)
1656 2460 1832 2484 Gimundus

187 2503 222 2526 de
246 2503 330 2527 domo
351 2501 382 2527 G.
397 2503 442 2527 Fr.
548 2507 573 2534 Β)
626 2504 655 2528 L.
761 2504 786 2533 ¹¹)
806 2505 859 2529 locu
879 2507 991 2530 omnium
1011 2515 1032 2538 p.
1054 2510 1108 2530 test,
1131 2506 1161 2530 G.
1176 2506 1235 2530 Fr„-
1264 2514 1300 2530 ex
1327 2506 1464 2529 maxima
1494 2508 1581 2536 parte
1605 2502 1832 2527 testimonium.

593 2505 610 2527 Ι.

152 2547 160 2563 ‘²
188 2544 205 2574 i)
225 2546 290 2570 dee-⁸1!
308 2546 334 2571 1⁷:
353 2547 408 2570 sim.
428 2547 566 2570 exhibuere
587 2546 615 2570 L.
737 2546 762 2579 k)
782 2549 842 2579 quia
869 2557 914 2573 uos
935 2551 965 2574 (ι’.
983 2549 1029 2574 Fr.
1151 2548 1170 2578 ¹)
1196 2549 1442 2581 presbiterorum
1464 2550 1494 2571 (τ’.
1510 2547 1555 2571 Fr.
1678 2548 1709 2575 Π1)
1729 2545 1788 2569 hab.
1809 2549 1833 2569 et

187 2589 280 2613 abund.
301 2589 326 2613 V.
433 2590 457 2619 Ϊ1)
476 2590 511 2613 Zeis
529 2589 553 2613 V.
668 2590 691 2619 ⁰)
712 2592 787 2615 Herb.
802 2591 837 2619 L:
861 2593 1009 2617 Heribertus
1032 2593 1061 2617 G.
1082 2593 1127 2616 Fr.
1242 2592 1267 2623 P)
1287 2593 1342 2616 xu.
1365 2591 1390 2614 1'.
1505 2594 1528 2619 (ι)
1548 2590 1600 2613 luco
1621 2589 1757 2613 multorum
1777 2588 1832 2612 reli-

187 2632 314 2663 giosorum
330 2633 430 2657 (r'.Fr..·
450 2633 678 2657 cisterciensis
699 2638 726 2657 ct
746 2635 834 2659 Clare
844 2636 1004 2660 vallensis.
1093 2637 1113 2666 Υ)
1134 2637 1226 2660 Romae
1240 2636 1270 2659 L.
1350 2638 1370 2661 8)
1392 2637 1541 2658 revocarent
1561 2633 1586 2656 V·
1658 2632 1677 2662 t)
1691 2633 1719 2656 R·
1738 2631 1765 2655 Γ·
1779 2640 1832 2655 δαθ·

184 2675 251 2706 pius.
338 2678 363 2707 u)
383 2676 460 2700 ternis
486 2675 513 2700 Γ.
602 2679 625 2701 v)
645 2677 741 2701 solicite
760 2677 789 2702 L.
879 2678 908 2707 w)
927 2679 1022 2710 aliquid
1036 2679 1065 2703 L.
1163 2683 1187 2707 Χ)
1208 2683 1232 2702 et
1251 2679 1303 2703 suis
1322 2678 1351 2702 L,
1440 2679 1463 2707 Υ)
1483 2677 1549 2700 dee-*t
1562 2675 1592 2700 L·
1680 2674 1702 2706 z)
1721 2674 1789 2698 dee-³!
1806 2673 1831 2697 V·

188 2719 210 2745 ²¹)
230 2726 286 2742 cum
300 2731 331 2734 —-
346 2719 429 2742 Siculo
448 2719 500 2743 des,
513 2718 543 2742 L.
652 2719 673 2747 h)
694 2720 866 2744 Mediolanum
886 2721 916 2744 L.
1026 2721 1048 2753 c)
1069 2722 1168 2746 indiciis
1188 2721 1218 2745 L.
1319 2719 1342 2751 d)
1363 2728 1442 2751 supra
1462 2720 1505 2742 lin.
1525 2719 1586 2742 add·
1606 2718 1631 2742 V-
1726 2718 1747 2745 θ)
1768 2717 1785 2740 Ῑ-
1800 2716 1829 2740 L·

188 2758 210 2791 f)
230 2762 260 2785 G.
281 2761 305 2784 V.
406 2764 429 2789 Β)
449 2761 515 2786 deest
534 2761 564 2786 L.
653 2761 678 2793 ¹¹)
698 2763 780 2787 mend.
800 2764 880 2787 solum
902 2764 931 2788 L.
1024 2763 1040 2793 i)
1060 2765 1123 2788 duos
1142 2765 1192 2788 des.
1215 2764 1241 2788 1'.
1329 2762 1353 2792 k)
1374 2764 1404 2787 Y.
1425 2762 1537 2786 venuscii
1556 2761 1583 2792 Ῐ’;
1606 2761 1702 2785 seilicet
1721 2760 1789 2784 deest
1801 2759 1831 2783 L.

188 2801 207 2834 ¹)
226 2804 335 2836 primum
355 2804 384 2828 L.

1574 2846 1626 2872 34*
