2205 3072
126 754 149 770 11)

124 1274 147 1290 ’,Νι

124 1792 147 1809 ’ὶυ

124 2309 148 2326 40

124 2565 148 2583 4ὸ

586 195 766 221 FRIDEHICI
786 195 806 220 Ι.
826 194 1146 221 CONSTITUTIONES.
1186 196 1258 220 1175.
1296 195 1411 222 Nr.244.
1757 199 1817 228 343

177 279 369 319 imperatore
395 284 550 321 perpetuo
577 286 761 314 serventur:
787 286 819 311 ct
844 282 979 311 cassatis
1006 280 1153 311 omnibus
1178 282 1445 313 conventionibus
1471 290 1502 313 et
1526 283 1611 313 datis
1629 289 1660 313 et
1678 284 1817 315 cartulis,

177 341 236 370 que
266 330 373 371 aliqua
404 333 691 373 suprascriptarum
726 333 890 363 civitatum
922 332 971 363 vel
1002 332 1229 373 personarums
1257 344 1313 363 seu
1345 334 1459 374 aliquis
1489 334 1576 364 locus
1606 345 1676 364 cum
1703 335 1815 365 codem

177 382 369 423 imperatore
395 383 444 414 vel
469 384 537 414 eius
563 384 673 414 nuntio
699 385 785 420 fecit,
810 385 868 414 nisi
893 384 1006 414 civitas
1031 383 1096 414 ulla
1121 384 1169 414 vel
1201 384 1288 414 locus
1314 385 1380 415 sive
1407 396 1546 426 persona
1571 387 1813 417 conventionem

178 434 227 464 vel
253 433 360 464 datum
386 446 441 465 scu
468 437 622 466 cartulam
649 439 761 477 sponte
786 446 913 466 servare
941 435 1086 466 volucrit.

279 487 305 515 ἴ).
335 485 414 516 Item
444 486 591 517 ‹bjminus
620 488 796 528 imperator
825 487 967 517 remittat
997 490 1028 517 et
1057 487 1220 517 remittere
1254 488 1349 518 faciat
1384 499 1494 518 omnes
1526 490 1676 519 offensas.
1710 490 1816 518 omnia

177 537 343 574 maleficia,
376 548 436 578 que
465 539 572 579 aliqua
601 539 816 580 predictarum
844 539 1008 569 civitatum
1042 539 1088 568 vel
1115 538 1230 579 aliquis
1263 539 1349 569 locus
1376 540 1424 569 vel
1450 540 1589 569 marchio
1616 541 1682 570 sive
1708 551 1817 570 comes

175 593 229 619 aut
262 588 375 629 aliquis
407 590 541 621 clericus
574 591 622 621 vel
656 591 757 621 laicus
788 601 987 631 quocumque
1021 595 1165 631 tempore
1198 601 1397 632 quacumque
1429 592 1598 622 occasione
1631 592 1658 622 ei
1684 592 1732 622 vel
1759 592 1814 621 inv

176 639 263 680 perio
288 641 337 671 vel
363 641 456 672 alicui
482 653 537 672 sue
563 643 661 683 partis
685 643 807 673 fecerit.

279 694 306 722 b.
339 691 378 722 Et
408 693 503 724 liceat
534 694 685 734 predictis
721 694 903 724 civitatibus
942 698 973 724 et
1008 694 1086 724 locis
1117 698 1148 724 ct
1181 695 1324 735 personis
1360 695 1555 725 municiones
1589 695 1752 725 civitatum
1785 700 1816 724 et

177 748 351 774 castrorum
384 748 414 775 et
444 746 556 776 eadem
586 750 688 776 castra
722 746 842 776 babere
872 750 903 776 et
931 750 1039 776 tenere
1070 751 1101 776 et
1134 746 1267 776 meliora
1297 747 1402 776 facere
1435 752 1465 776 et
1492 757 1573 776 nova
1598 747 1760 777 edifficare
1786 751 1817 776 et

177 796 318 827 reficere
344 797 440 827 salvis
466 798 729 828 conventionibus
748 802 778 828 et
796 797 974 828 concordiis
993 798 1151 828 (¹1·emone
1170 802 1202 827 et
1220 798 1351 827 aliarum
1372 798 1535 828 civitatum
1557 803 1587 827 ct
1606 809 1814 839 personarum

175 852 207 876 et
232 847 373 878 locorum
399 849 481 879 inter
505 862 538 879 se
563 850 669 880 factis:
696 854 727 879 et
753 849 952 879 Alexandria
977 849 1005 878 in
1032 859 1088 879 suo
1114 854 1208 881 statu,
1235 850 1392 879 restitutis
1420 850 1676 890 possessimiibns
1695 850 1816 880 oberto

175 899 214 930 de
240 899 321 930 Foro
347 904 378 930 et
403 901 468 931 suis
494 902 668 932 convicinis
694 901 850 932 omnibus.
877 904 1031 942 perpetuo
1057 905 1275 941 permanente.

281 953 305 982 7.
334 951 480 992 Denique
505 953 652 983 civitates
677 957 789 994 petunt
814 954 946 993 insuper
975 953 1123 983 onmibus
1149 953 1374 993 inlu-rpctuum
1401 953 1621 983 observandis.
1652 953 1733 994 qnod
1759 953 1815 982 ‹lo-

143 1018 146 1026 ν
177 1004 279 1034 minus
304 1004 476 1045 imperator
500 1016 571 1036 cum
597 1006 752 1039 omnibus,
777 1006 829 1046 qui
857 1005 908 1035 inss'
933 1005 1077 1035 exercitu
1104 1015 1160 1035 suo
1185 1004 1292 1034 sunt¹'.
1323 1004 1443 1034 eisdem
1470 1005 1653 1035 civitatibus
1679 1011 1709 1034 et
1736 1006 1813 1035 locis

175 1059 206 1085 et
231 1057 377 1096 personis
403 1057 562 1087 universis
579 1058 749 1088 societatis
775 1062 839 1087 tam
865 1056 990 1087 clericis
1017 1067 1111 1098 quam
1138 1057 1226 1087 laicis
1243 1057 1461 1097 plenissimam
1481 1057 1687 1087 securitatem
1708 1057 1812 1087 faciat

179 1107 217 1137 Et
242 1112 275 1137 ut
300 1108 396 1139 liceat
421 1109 605 1139 civitatibus
630 1109 748 1139 domini
775 1109 976 1149 imperatoris
1003 1109 1160 1149 permissu
1186 1113 1217 1138 et
1236 1109 1306 1138 aliis
1324 1108 1470 1138 omnibus
1490 1109 1660 1138 societatis
1680 1109 1814 1138 eandem

177 1159 371 1190 Societatem
403 1161 522 1191 firmam
549 1166 659 1192 tenere
691 1166 721 1191 et
752 1161 930 1191 iuramenta
954 1171 1157 1201 quecumque
1183 1161 1342 1190 voluerint
1367 1161 1449 1190 inter
1475 1172 1508 1190 se
1534 1161 1697 1190 raom-‹Jwt
1723 1171 1812 1190 reno-

176 1222 250 1241 vare
280 1215 311 1242 ct
341 1223 459 1254 scnper
489 1213 519 1243 in
550 1214 670 1243 unitate
704 1213 840 1243 ecclesie
873 1223 1071 1253 permanere,
1106 1216 1139 1242 ut
1169 1212 1193 1241 si
1220 1212 1345 1252 quando
1371 1212 1546 1252 imperator
1572 1212 1621 1242 vel
1647 1213 1716 1242 eius
1742 1223 1812 1242 suv-

175 1274 285 1293 cessor
313 1268 367 1294 aut
399 1264 480 1295 alius
511 1268 623 1295 contra
652 1265 733 1295 hane
759 1264 963 1295 concordiam
989 1264 1098 1294 venire
1133 1264 1321 1295 tentaverit,
1355 1265 1478 1304 possint
1503 1264 1674 1294 eeclesiam
1703 1275 1813 1294 manu—

175 1318 285 1345 tenere
310 1320 341 1345 et
365 1328 398 1345 se
425 1317 562 1346 vicissim
588 1316 741 1347 adiuvare
768 1320 799 1346 et
824 1315 1007 1346 defendere.

278 1370 306 1398 ὃ.
332 1367 412 1397 ltcm
446 1368 605 1398 volumus.
639 1373 673 1398 ut
705 1368 864 1398 sententie
895 1378 994 1408 usquc
1030 1367 1120 1397 modo
1146 1379 1163 1397 a
1189 1368 1375 1398 consulibus
1401 1368 1565 1398 civitatum
1592 1378 1647 1398 seu
1674 1368 1815 1397 locorum

176 1419 243 1449 sive
275 1430 293 1449 a
322 1420 473 1461 predictis
505 1421 649 1462 personis
681 1421 731 1451 vel
762 1420 940 1451 rectoribus
972 1420 1034 1450 late
1062 1431 1119 1450 nec
1145 1420 1359 1461 appellatione
1386 1430 1560 1460 suspense,
1594 1420 1643 1450 vcl
1669 1420 1693 1449 si
1719 1431 1816 1460 super

176 1481 307 1501 causam
332 1472 558 1513 appellationis
583 1473 645 1503 late
669 1473 799 1504 fuerint.
824 1472 913 1502 firma
940 1475 1150 1513 permaneant
1175 1476 1205 1502 et
1231 1476 1265 1502 ut
1289 1471 1328 1502 de
1347 1471 1535 1501 criminibus
1555 1472 1617 1502 iam
1637 1472 1817 1501 commissis

180 1522 352 1553 criminalis
377 1524 539 1554 accusatio
566 1535 627 1554 non
652 1524 717 1555 fiat.
764 1524 891 1565 Captivi
917 1534 1043 1564 quoque
1069 1523 1142 1554 hinc
1169 1523 1241 1554 inde
1267 1523 1476 1554 absolvantur
1503 1528 1535 1553 ct
1561 1523 1743 1554 reddantur.

278 1577 307 1606 9.
332 1574 402 1606 Hec
428 1580 502 1606 sunt
526 1587 572 1608 ea.
604 1587 665 1617 que
697 1575 907 1616 intelligimus
932 1575 1092 1605 dominum
1125 1576 1349 1616 imperatorem
1380 1575 1498 1605 habere
1524 1575 1644 1605 debere
1671 1580 1702 1605 et
1726 1580 1814 1605 ante*

175 1636 322 1656 cessores
353 1637 427 1657 suos
458 1627 626 1658 habuisse:
658 1628 782 1658 scilicet
813 1627 938 1657 fodrum
970 1627 1078 1667 regale
1110 1630 1141 1657 ct
1174 1630 1362 1657 consuetum
1392 1632 1424 1658 et
1449 1631 1635 1657 consuetam
1662 1631 1815 1668 paratam.

176 1688 245 1707 cum
278 1678 363 1708 vadit
388 1678 522 1709 Romam
552 1680 653 1719 gratia
685 1679 871 1720 accipiende
901 1689 1032 1710 corone:
1066 1683 1097 1709 et
1127 1678 1225 1709 debet
1257 1679 1376 1709 habere
1401 1679 1543 1720 quietum
1570 1683 1601 1709 et
1627 1682 1816 1708 consuetum

176 1730 344 1760 transitum
370 1734 401 1761 et
425 1731 589 1762 sufficiens
615 1736 801 1762 mereatum.
849 1731 890 1761 Et
915 1734 1059 1761 transeat
1084 1731 1227 1772 pacifice,
1252 1732 1296 1761 ita
1320 1735 1355 1761 ut
1380 1731 1410 1761 in
1436 1731 1622 1772 clus-copam
1650 1731 1698 1761 vel
1717 1731 1815 1760 corni-

175 1784 242 1811 tatu
273 1781 378 1822 aliquo
407 1782 644 1812 fraudulentam
675 1793 795 1813 moram
826 1793 888 1812 non
918 1783 1023 1813 faciat.
1077 1782 1117 1812 Et
1146 1782 1336 1813 fidelitatem
1361 1793 1378 1813 a
1403 1783 1533 1813 vasallis
1560 1783 1701 1824 recipiat.
1731 1783 1817 1812 omni

176 1833 354 1864 offensione
389 1834 538 1866 remissa.
572 1834 603 1864 ai
632 1834 753 1865 civibus
782 1845 909 1875 quoque
941 1834 1117 1865 secundum
1151 1844 1255 1864 mores
1286 1834 1441 1875 cuiusque
1467 1835 1604 1865 civitatis
1629 1834 1815 1865 fidelitatem

176 1885 340 1926 suscipiat,
370 1886 454 1915 omni
486 1886 665 1917 offensione
698 1887 840 1916 remissa.
887 1886 1010 1916 Vasalli
1042 1886 1139 1916 etiam
1169 1885 1410 1927 expeditionem
1437 1887 1464 1916 ei
1491 1887 1609 1916 faciant
1640 1885 1815 1916 secundum

176 1937 258 1977 quod
289 1937 373 1967 soliti
405 1941 478 1967 sunt
508 1944 539 1968 et
563 1942 612 1968 ost
635 1939 766 1979 antiqua
791 1937 1000 1968 consuetudo.
1033 1948 1104 1968 eum
1136 1938 1241 1979 pergit
1266 1937 1402 1969 Romam
1429 1948 1528 1968 causa
1552 1937 1737 1979 accipiendo
1763 1948 1815 1967 co-

176 1999 264 2019 rone.
315 1989 452 2030 Regalia
482 2000 566 2023 vero,
597 2000 658 2030 que
690 2001 748 2031 per
777 2000 849 2020 eum
881 1990 930 2020 vel
960 1993 1183 2020 antecessores
1214 1990 1282 2020 eius
1313 1994 1377 2020 tam
1410 2001 1428 2020 a
1457 1990 1582 2020 clericis
1607 2000 1701 2030 quam
1727 1990 1816 2020 laicis

140 2057 146 2067 ι
176 2040 306 2071 fuerunt
330 2040 461 2071 detenta
486 2042 534 2071 vel
561 2052 616 2083 per
645 2042 748 2082 ipsum
774 2052 830 2072 seu
855 2046 1078 2072 antecessores
1104 2042 1172 2072 cius
1204 2042 1364 2072 investita.
1394 2042 1503 2082 quiete
1528 2041 1669 2072 dimittat
1696 2051 1752 2072 nee
1776 2041 1815 2072 de

174 2096 281 2122 cetero
313 2092 466 2133 inpediat.
522 2092 781 2123 eonsuetudines
812 2093 908 2123 etiam
943 2097 975 2123 et
1008 2093 1231 2124 comoditatcs.
1270 2104 1349 2134 quas
1384 2094 1530 2124 civitates
1569 2097 1601 2124 et
1633 2104 1744 2124 omnes
1775 2093 1814 2124 de

175 2143 338 2174 Societate
364 2144 482 2174 habere
506 2148 745 2175 consueverunt
761 2145 792 2175 in
810 2145 948 2186 pascuis‚
974 2145 1213 2186 piscationibus,
1239 2145 1440 2176 molendinis.
1466 2146 1576 2179 furnis,
1603 2144 1719 2175 tabulis
1738 2155 1814 2175 can-

174 2195 331 2226 biatorum
358 2199 389 2226 et
413 2196 664 2236 negociatorum,
697 2196 850 2234 macellis⁷
880 2196 1037 2229 domibus,
1072 2207 1150 2238 quas
1183 2196 1303 2227 habent
1328 2196 1506 2227 edifficatas
1539 2197 1570 2226 in
1596 2197 1653 2226 viis
1679 2196 1815 2237 publicis

174 2247 224 2278 vel
251 2257 346 2288 supra
370 2248 420 2277 vel
446 2248 536 2278 iuxta
560 2248 628 2278 vias
653 2248 809 2288 publicas,
834 2252 865 2278 et
889 2252 1018 2278 eternas
1044 2248 1295 2279 consuetudines
1319 2249 1468 2290 antiquas
1493 2248 1612 2278 eisdem
1633 2248 1815 2278 civitatibus

176 2302 208 2330 ct
229 2299 374 2329 omnibus
399 2298 438 2329 de
465 2299 625 2330 Societate
651 2300 758 2340 quiete
783 2299 904 2330 habere
930 2303 962 2330 et
985 2304 1095 2331 tenere
1121 2301 1295 2342 permittat.

283 2354 327 2382 lo.
352 2351 385 2381 Si
414 2356 521 2382 autem
554 2351 592 2381 (le
623 2350 815 2392 supradietis
850 2352 957 2392 aliqua
987 2353 1149 2383 contentio
1175 2353 1260 2383 inter
1285 2353 1511 2393 imperatorem
1537 2355 1569 2382 et
1593 2351 1740 2381 civitates
1765 2351 1815 2381 vel

175 2402 243 2433 loca
273 2402 340 2433 sive
371 2413 524 2443 personas
556 2403 729 2433 Societatis
760 2406 830 2433 orta
860 2403 966 2435 fuerit,
1002 2414 1060 2444 per
1090 2404 1237 2434 eonsules
1269 2404 1418 2434 civitatis.
1454 2414 1524 2434 eum
1561 2413 1624 2444 qua
1653 2403 1815 2433 contentio

175 2453 332 2487 habuerit,
367 2454 416 2484 vel
448 2454 517 2484 loca
548 2464 605 2485 seu
634 2453 809 2495 personask
834 2454 881 2484 sui
912 2455 1107 2491 comitatus¹7
1142 2455 1319 2486 secundum
1352 2465 1457 2485 mores
1482 2458 1513 2485 et
1538 2453 1815 2484 consuctudines¹¹¹

175 2505 313 2535 civitatis
337 2510 369 2536 et
394 2506 452 2535 loci
477 2505 653 2536 decidatur,
679 2505 882 2536 iureiurando
908 2506 1041 2547 prestito
1067 2506 1106 2536 ab
1132 2507 1209 2548 ipsis
1233 2506 1431 2542 consulibus,
1456 2505 1537 2546 quod
1564 2516 1668 2535 mores
1687 2510 1718 2536 et
1738 2515 1813 2535 een-

177 2556 364 2587 suctudines
389 2562 452 2587 tam
477 2557 662 2599 imperatori
687 2568 782 2598 quam
807 2558 927 2588 civitati
952 2558 1002 2588 vel
1028 2558 1099 2589 loco
1123 2569 1179 2589 seu
1208 2569 1343 2600 persone
1370 2557 1554 2589 servabunt.

278 2660 344 2686 24⁴1.
369 2661 391 2687 sl
413 2665 469 2692 pab—
496 2672 515 2685 c.
621 2665 645 2691 g)
665 2661 731 2684 deest
751 2671 768 2684 c.
867 2660 891 2690 l¹)
911 2663 937 2685 s?
956 2664 1053 2693 (super)
1074 2672 1092 2685 c.
1186 2666 1203 2689 ¹)
1223 2671 1236 2685 ιι
1259 2675 1288 2678 —-
1310 2663 1412 2686 remissa
1433 2662 1466 2685 ab
1484 2661 1569 2685 mutem
1592 2669 1666 2684 manu
1688 2660 1713 2683 iu,
1735 2669 1814 2689 αιιυιχιι,

176 2706 298 2736 supplem.
386 2703 411 2735 k)
433 2711 480 2735 pas
499 2714 518 2727 r,
608 2703 625 2731 1)
645 2704 766 2735 9mitatus
785 2713 804 2727 ι’.
894 2704 925 2729 η’)
946 2705 1159 2729 eosuetnctidines
1180 2714 1244 2728 corr.
1265 2705 1476 2728 consuetuedine>
1498 2714 1516 2726 r,
