2205 3072
589 187 749 213 HfflNh’lel
771 187 815 213 Vl.
835 187 1156 213 e(›NS'rl'rU'rioNlcs
1198 190 1268 214 115115.
1306 190 1413 216 N1-.3:·›‹1
1764 193 1825 221 503

183 282 264 302 unus
296 272 429 302 filiorum
463 283 606 303 meorum
636 273 667 303 in
698 283 843 304 uxorem.
898 273 969 304 Hee
1001 277 1108 304 autem
1138 275 1201 305 filia,
1231 276 1336 306 fratris
1369 277 1452 317 regis
1479 277 1655 317 Anglmum
1687 277 1716 308 in
1743 278 1825 308 festo

183 323 266 354 beati
302 323 467 354 Michaelis
499 325 553 354 uni
590 325 726 355 filiorum
761 335 913 363 meorum,
949 336 1043 366 quem
1079 325 1119 356 ad
1155 326 1214 357 hoe
1247 328 1388 368 elegere.
1427 329 1488 359 erit
1525 328 1757 369 present-anda:
1792 332 1825 359 et
1849 337 1952 361 svri-2³.

186 375 341 405 medietas
378 375 417 405 de
456 376 516 405 iam
551 375 644 406 dietis
686 379 814 406 eentum
852 377 981 407 milibus
1019 388 1197 407 marearum
1233 380 1368 419 argenti,
1404 379 1553 410 videlieet
1592 381 1825 421 quinquaginta

184 426 271 457 milia
300 437 476 456 marearum
502 428 637 467 argenti,
667 428 698 458 in
722 427 835 458 eodem
867 428 1001 459 termino
1034 429 1094 459 erit
1124 429 1287 465 solvenda,
1319 441 1450 471 quarum
1481 431 1627 462 (lominus
1652 442 1742 462 meus
1767 432 1823 462 im-

145 489 155 504 5
183 481 313 519 perator
343 488 437 508 unam
471 478 675 510 medietatem
710 483 895 521 recepturus
926 483 976 510 est
1007 484 1039 510 et
1068 491 1128 521 ego
1159 481 1303 511 alteram.
1354 482 1466 513 Altera
1497 493 1573 514 vero
1606 483 1762 514 medietas
1786 483 1824 514 de

185 529 307 560 eisdem
341 534 469 560 eentum
503 531 630 561 milibus
671 542 859 570 marearum,
897 532 1049 562 videlieet
1088 533 1319 573 quinquaginta
1355 534 1476 564 milium
1513 545 1700 571 marearum.
1743 546 1824 576 quae

184 584 316 615 restant,
342 582 556 622 persolvenda
581 586 629 613 est
653 594 755 623 usque
781 583 820 613 ad
846 583 975 613 inicium
1001 583 1268 624 quadragesimae
1294 585 1440 625 proxime
1458 589 1626 617 venturae:
1654 587 1742 617 euius
1767 578 1935 628 lic-1··¹.·¹ii'.⁴s.1:z.

184 633 296 664 euniae
323 633 470 664 similiter
498 634 645 664 dominus
676 635 849 676 imperator
874 635 1011 665 mediam
1037 639 1161 676 partem
1186 635 1319 666 habebit
1344 639 1375 666 et
1401 647 1460 676 ego
1487 637 1635 668 mediam.
1682 638 1724 668 Et
1746 648 1822 679 que-

186 695 310 725 cunque
336 696 410 726 pars
437 686 532 716 totius
559 687 695 727 pecunie
727 686 890 727 predictae
916 687 973 717 sub
999 698 1189 728 quoeunque
1222 698 1355 718 numero
1380 687 1508 718 domino
1534 690 1718 730 imperatori
1744 691 1825 720 infra

136 747 158 764 ιο
186 737 358 767 terminum
384 737 483 775 illum7
509 748 569 778 quo
594 741 662 768 tota
686 738 784 769 debet
808 739 899 775 solvi.
927 738 1106 780 {solventi-l,
1132 739 1214 769 illius
1233 739 1388 770 medietas
1408 740 1475 770 sine
1495 741 1579 771 malo
1597 741 1725 782 ingenio
1748 742 1824 772 milti

185 792 396 829 presentetur.

288 841 315 871 2.
347 840 506 871 Dominus
539 844 646 872 autem
682 852 772 872 meus
804 843 978 883 imperator
1010 842 1165 873 ducentos
1198 842 1273 872 mihi
1299 843 1427 874 obsides
1455 844 1554 876 dabit.
1587 844 1720 885 quodsi
1746 845 1824 885 ipse,

185 896 354 933 postquam
381 903 489 933 regem
507 892 685 933 Anglorum
704 893 763 934 ipsi
782 896 1022 934 presentavero.
1049 893 1132 934 quod
1155 893 1313 924 Dominus
1331 899 1464 931 avertat,
1490 896 1519 925 in
1538 896 1603 926 fata
1620 896 1824 932 decesserit&

184 943 295 974 eodem
326 955 402 985 rege
435 944 464 974 in
489 955 547 974 sua
578 948 740 985 potestate
766 946 936 981 existente.
969 945 1037 986 ipse
1067 957 1124 975 rex
1151 945 1226 976 milii
1251 946 1319 976 sine
1344 947 1428 977 malo
1454 947 1584 987 ingenio
1610 951 1824 988 presentetur.

135 1004 156 1021 1⁵
186 996 250 1026 Sed
276 996 301 1025 si
330 1007 378 1025 me
404 996 491 1036 prius
517 996 595 1026 niori
623 997 800 1037 contigerit.
827 996 939 1027 eadem
965 998 1136 1027 conventio
1162 998 1215 1028 uni
1240 998 1377 1029 tiliorum
1404 1009 1556 1035 meorum,
1582 1010 1676 1040 quem
1701 999 1740 1029 ad
1766 1000 1824 1029 hoe

185 1048 325 1088 elegero.
351 1058 408 1088 per
433 1048 541 1078 omnia.
558 1048 756 1081 observetur,
784 1048 827 1078 illi
846 1047 1007 1083 videlieet.
1033 1049 1084 1090 qui
1103 1048 1257 1080 ducturus
1276 1052 1325 1080 est
1343 1050 1439 1080 filiam
1457 1050 1564 1081 fratris
1582 1051 1667 1091 regis
1685 1050 1825 1091 Angliae

186 1100 215 1129 in
240 1109 392 1130 uxorem:
418 1102 450 1129 et
475 1099 499 1129 si
526 1099 579 1129 ille
605 1110 667 1130 non
693 1100 799 1133 fuerit,
825 1100 878 1130 alii
903 1100 968 1130 filio
994 1111 1065 1130 meo
1091 1100 1205 1131 eadent
1230 1105 1376 1132 servetur
1400 1102 1582 1133 eonventio.

287 1153 314 1181 3.
342 1151 422 1181 ltem
441 1162 497 1181 rex
518 1151 694 1191 Anglorum
714 1151 803 1181 dabit
821 1151 949 1181 domino
974 1152 1155 1192 imperatori
1175 1153 1409 1193 quinquaginta¹
1426 1153 1536 1193 galeas
1555 1164 1624 1183 eum
1644 1154 1825 1184 hominibus

185 1206 217 1233 et
241 1202 394 1243 expensis
420 1206 451 1233 et
475 1203 546 1232 aliis
572 1203 719 1233 omnibus
744 1203 938 1233 attinentiis:
965 1206 997 1233 et
1018 1206 1147 1232 eentum
1172 1203 1290 1233 milites
1309 1214 1381 1233 eum
1404 1203 1635 1244 quinquaginta¹
1653 1204 1825 1235 balistariis

132 1268 155 1283 :u
186 1255 215 1284 in
241 1254 361 1284 eisdem
388 1258 483 1295 ponet
507 1255 620 1293 galeis.
667 1254 707 1284 Et
733 1255 798 1295 ipse
824 1258 932 1295 preter
957 1254 1013 1284 hee
1040 1254 1069 1284 in
1096 1254 1221 1295 propria
1246 1265 1385 1295 persona
1411 1265 1480 1284 eum
1506 1258 1633 1285 eentum
1651 1256 1722 1286 aliis
1742 1256 1824 1286 mili-

184 1305 268 1335 tibus
300 1309 331 1336 et
363 1306 597 1346 quinquaginta.
627 1306 799 1336 balistariis
834 1305 963 1335 intrabit
996 1316 1128 1346 regnunt
1155 1306 1284 1336 Sieiliae
1310 1317 1381 1336 eum
1413 1305 1540 1336 domino
1572 1307 1765 1348 imperatore
1795 1310 1826 1337 et

183 1358 268 1388 bona
294 1357 354 1388 tide
379 1358 510 1388 assistet
535 1358 573 1390 ei,
599 1368 764 1399 quousque
791 1368 924 1398 regnum
950 1357 1103 1389 obtineat.
1130 1358 1189 1387 nisi
1210 1357 1250 1388 de
1275 1358 1359 1388 bona
1376 1359 1445 1388 eius
1464 1359 1629 1389 voluntate
1649 1362 1680 1389 et
1698 1359 1823 1389 lieentia

183 1410 223 1439 ab
254 1422 291 1439 eo
325 1409 464 1440 recedat.
520 1409 560 1439 Et
590 1413 623 1439 ut
654 1409 736 1440 idem
771 1420 827 1440 rex
861 1409 919 1440 hee.
949 1409 1054 1439 onmia
1091 1409 1230 1439 fideliter
1260 1414 1441 1450 exequatur
1471 1414 1503 1441 et
1534 1411 1705 1451 persolvat.
1737 1410 1826 1440 dabit

184 1461 312 1491 (lemine
338 1472 408 1491 meo
435 1461 621 1502 imperatori
645 1461 801 1491 ducentos
827 1461 956 1491 obsides
982 1461 1133 1491 meliores
1151 1461 1190 1491 <le
1209 1464 1294 1491 terra
1317 1461 1448 1492 ditionis
1467 1472 1554 1498 suae.
1580 1472 1660 1502 quos
1677 1462 1826 1492 dominus

132 1524 155 1542 τε»
185 1513 359 1553 imperator
387 1513 427 1542 ab
453 1524 490 1542 eo
524 1513 676 1553 requiret.
708 1513 767 1542 nisi
793 1513 920 1542 domino
945 1512 1131 1553 imperatori
1156 1513 1195 1542 (le
1220 1513 1354 1543 veritate
1381 1513 1571 1549 eonstiterit,
1602 1513 1684 1554 quod
1709 1513 1825 1554 aliquis

186 1564 234 1594 vel
259 1565 356 1605 aliqui
383 1576 422 1594 ex
448 1565 510 1594 illis
536 1565 578 1594 ita
605 1565 774 1594 manifeste
801 1576 834 1594 se
859 1564 887 1594 ei
913 1567 1055 1605 opponat
1072 1564 1122 1594 vel
1148 1567 1322 1605 opponant.
1349 1564 1432 1605 quod
1456 1565 1543 1595 illum
1563 1566 1611 1595 vel
1631 1566 1703 1595 illos
1723 1565 1824 1594 nulla-

186 1621 279 1646 tenus
312 1615 431 1647 habere
462 1617 575 1657 possit;
607 1619 639 1646 et
670 1620 745 1646 tune
779 1616 847 1646 loeo
875 1616 958 1646 illius
985 1616 1035 1646 vel
1061 1616 1208 1645 illm-une·
1233 1616 1330 1645 alium
1355 1617 1404 1646 vel
1430 1617 1519 1653 alios.
1554 1627 1647 1657 quem
1672 1617 1722 1646 vel
1748 1627 1825 1657 quos

185 1667 332 1697 deminus
367 1668 542 1709 imperator
572 1667 840 1699 denominaverit.
875 1667 958 1698 idem
992 1678 1048 1698 rex
1083 1668 1111 1697 ei
1141 1667 1287 1697 obsidem
1314 1668 1363 1698 vel
1390 1667 1517 1698 obsides
1549 1668 1647 1706 dabit,
1679 1669 1826 1709 exeeptis

185 1719 257 1749 liliis
283 1719 398 1749 sororis
423 1730 500 1750 suae
526 1724 556 1749 et
585 1719 726 1750 lleinriei
752 1719 911 1760 quondam
935 1718 1026 1749 (lueis
1052 1719 1213 1749 Saxoniae
1239 1722 1270 1749 et
1294 1719 1358 1749 filio
1384 1719 1492 1749 fratris
1517 1720 1576 1751 sui.

133 1784 158 1799 :w
289 1772 316 1801 Δ1.
342 1770 394 1800 ]lii
420 1775 538 1803 autem.
563 1771 679 1811 quibus
704 1771 852 1801 (lominus
876 1771 1051 1811 imperator
1068 1770 1198 1801 eosdem
1217 1770 1347 1801 obsides
1366 1770 1542 1801 servandos
1561 1771 1715 1804 eomittet.
1742 1771 1825 1801 iura-

186 1822 264 1852 bunt
293 1822 405 1863 quotlss.
436 1823 460 1852 si
491 1822 639 1852 dominus
665 1823 846 1863 imperator.
876 1822 959 1863 quod
988 1822 1075 1853 Deus
1106 1826 1240 1859 :uertat⁷
1274 1823 1399 1853 interim
1430 1822 1503 1852 dum
1530 1823 1613 1853 idem
1639 1822 1768 1853 obsides
1796 1823 1825 1853 in

186 1885 293 1904 eornm
320 1878 394 1904 sunt
426 1877 596 1915 potestate.
628 1874 817 1906 decesserit.
850 1874 936 1915 ipsos
967 1874 1095 1904 obsides
1127 1873 1308 1904 dimittentd
1333 1874 1498 1904 absolutos
1524 1878 1554 1904 et
1579 1875 1647 1905 sine
1673 1875 1755 1904 malo
1780 1875 1825 1904 in-

185 1927 280 1967 genio
306 1926 337 1956 in
363 1929 466 1956 tutum
493 1926 597 1956 locum
623 1925 832 1956 conducente.

289 1980 316 2008 5.
352 1977 430 2007 Item
467 1978 491 2007 si
528 1988 583 2008 rex
617 1977 755 2017 Angliae
785 1976 911 2007 domino
947 1977 1130 2017 imperatori
1170 1977 1319 2007 universa
1351 1987 1412 2017 que
1447 1977 1594 2017 promisit
1626 1977 1826 2018 persolverit.

135 2041 157 2057 ἐς.
187 2029 335 2059 dominus
368 2029 542 2070 imperator
574 2029 705 2070 insuper
736 2028 865 2059 obsides
895 2033 958 2058 tam
989 2028 1042 2058 diu
1068 2028 1234 2059 detinebit.
1266 2039 1432 2069 quousque
1462 2029 1530 2069 ipse
1557 2040 1612 2059 rex
1638 2040 1687 2059 me
1713 2029 1825 2059 dueem

188 2081 341 2111 Austriae
366 2080 453 2122 apud
478 2091 594 2122 papam
620 2080 778 2111 absolvet.
825 2080 859 2110 Si
877 2084 985 2110 autem
1005 2080 1108 2110 dit-tus
1127 2091 1183 2110 rex
1203 2080 1393 2121 promissum
1413 2091 1474 2110 non
1494 2081 1683 2121 persolverit
1700 2080 1826 2111 domino

185 2133 376 2174 imperatori.
410 2133 440 2162 in
467 2132 631 2162 voluntate
663 2133 731 2162 eius
761 2132 831 2164 erit.
866 2136 898 2161 ut
931 2131 970 2162 de
996 2131 1163 2161 obsidibus
1190 2132 1274 2172 regis
1299 2135 1375 2172 agat
1407 2131 1582 2162 seeundum
1608 2143 1699 2162 suum
1726 2132 1824 2163 bene-

186 2184 349 2225 placitum.
375 2185 418 2214 ita
442 2184 526 2225 quod
553 2195 612 2224 ego
639 2183 703 2213 (lux
728 2183 859 2213 Ans-trie
886 2183 981 2213 nic-hil
1006 2183 1079 2213 inde
1106 2183 1240 2213 habeam
1266 2183 1446 2224 ‹lisptmere

288 2238 316 2266 (5.
342 2235 393 2266 Ad
418 2236 475 2266 hee
501 2235 648 2265 dominus
680 2236 854 2276 imperator
878 2235 992 2265 decem
1024 2235 1148 2265 nobiles
1173 2234 1211 2265 de
1244 2235 1378 2275 imperio
1403 2245 1459 2265 suo
1484 2235 1587 2265 iurare
1614 2235 1719 2266 faviot.
1745 2235 1826 2264 tales

137 2298 158 2316 ιι»
186 2287 335 2319 videlieet
359 2288 470 2328 quales
495 2297 554 2327 ego
581 2286 645 2317 dux
670 2287 811 2327 elegero,
839 2287 922 2327 quod
949 2287 973 2317 si
999 2298 1055 2317 rex
1074 2287 1192 2327 Anglie
1218 2286 1368 2317 universa
1393 2297 1453 2327 que
1479 2287 1507 2317 ei
1533 2287 1677 2328 promisit
1703 2287 1824 2327 persol-

186 2340 275 2375 verit.
301 2339 429 2370 obsides
455 2339 523 2369 eius
549 2338 754 2369 dimittentur
777 2338 928 2368 absoluti.

288 2393 316 2422 7.
348 2391 429 2422 Item
461 2390 610 2421 (lominus
643 2391 819 2431 imperator
849 2401 957 2430 regem
984 2390 1123 2430 Angliae
1156 2390 1186 2419 in
1219 2392 1380 2430 potestate
1407 2400 1463 2419 sua
1494 2393 1557 2420 tam
1583 2389 1635 2419 ‹liu
1662 2389 1824 2419 detinebit.

185 2454 351 2484 quousque
377 2455 434 2475 rex
452 2443 549 2485 Cypri
575 2446 606 2473 et
631 2442 699 2472 eius
725 2442 799 2479 filia,
825 2442 877 2482 qui
903 2442 934 2471 in
960 2442 1148 2482 captivitate
1175 2441 1259 2481 regis
1284 2444 1368 2474 sunt.
1394 2441 1610 2471 absolvantur.
1658 2442 1690 2470 Si
1716 2447 1824 2470 autem

186 2505 243 2525 rex
268 2494 364 2536 Cypri
394 2499 425 2525 et
456 2496 524 2526 eius
558 2495 622 2525 filia
652 2493 793 2523 absoluti
826 2496 898 2523 sunt
931 2504 949 2523 a
979 2493 1167 2534 captivitate
1199 2496 1231 2523 et
1264 2503 1320 2533 pro
1352 2493 1543 2522 liberatione
1569 2503 1678 2522 eorum
1704 2492 1823 2533 aliquid

134 2559 157 2576 v15
185 2546 293 2576 datum
322 2550 371 2577 est
400 2548 449 2577 vel
483 2550 642 2577 exactum.
673 2545 822 2575 «lominus
854 2544 1024 2585 imperator
1056 2555 1166 2585 regem
1192 2544 1308 2584 Anglie
1339 2544 1485 2575 similiter
1515 2545 1544 2574 in
1576 2547 1736 2584 potestate
1767 2555 1825 2573 sua.

186 2598 353 2633 detinebit.
378 2608 544 2639 quousque
569 2597 645 2628 illud
671 2608 711 2627 ex
736 2597 860 2637 integro
887 2597 1084 2627 restituatur.

287 2650 315 2681 S.
346 2650 427 2680 Item
461 2650 486 2680 si
518 2660 573 2679 rex
607 2649 744 2689 Angliae
776 2648 858 2678 infra
887 2648 970 2678 liune
1000 2658 1118 2678 annum
1155 2650 1349 2688 presentem.
1380 2646 1529 2677 videlieet.
1558 2646 1597 2676 ab
1628 2646 1686 2676 hoe
1717 2646 1820 2686 eapite
1837 2655 1889 2675 ron.
1904 2659 1933 2676 ιιι.

184 2701 293 2731 ieiunii
324 2712 424 2742 usque
455 2701 493 2731 ad
524 2705 621 2742 eaput
651 2700 815 2740 sequentis
846 2699 966 2733 ieiunii.
999 2710 1102 2740 neque
1131 2699 1299 2740 pecuniam
1325 2709 1428 2739 neque
1454 2697 1582 2728 obsides
1608 2697 1732 2727 dederit
1758 2697 1819 2729 vel.
1837 2692 1923 2736 milio-⁴:32

288 2785 352 2811 354.
381 2789 403 2813 ²¹)
423 2787 574 2811 ‹Joneesserit
595 2795 660 2810 verr.
680 2786 733 2809 carl.
825 2786 846 2809 'tl
868 2785 974 2809 aliorum
995 2785 1048 2810 eod.
1136 2788 1158 2809 θ’»
1177 2785 1277 2816 quidem
1297 2785 1351 2809 cml.
1428 2784 1451 2813 a)
1472 2785 1576 2808 dimittet
1597 2784 1651 2808 cort.
1722 2784 1744 2811 ⁹)
1765 2793 1821 2807 eon-

134 2837 158 2855 110
185 2831 259 2854 ‘luvet
278 2831 330 2854 cml.
