2205 3072
586 154 765 180 Ffllnssalcl
786 155 804 179 l.
824 153 1146 180 cONSTlTU'rIONES.
1186 154 1258 179 1157.
1296 154 1342 179 Nr.
1360 155 1412 179 165.
1757 156 1813 184 ‘231

281 240 360 271 Cum
392 240 499 271 divina
530 241 683 282 potentia.
717 252 735 270 a
767 251 827 281 qua
859 240 962 270 omnis
992 243 1135 281 potestas
1160 240 1190 270 111
1215 240 1306 270 caelo
1332 243 1363 270 et
1388 240 1417 269 in
1443 243 1538 276 terra,
1572 241 1674 273 nobis.
1700 240 1818 270 cbristo

178 293 256 325 eius.
288 303 420 332 regnum
447 296 478 323 et
503 293 673 334 imperium
703 292 878 332 regendum
904 292 1117 322 commiserit³¹
1149 296 1180 321 ct
1205 302 1317 332 pacem
1343 292 1573 322 aecclesiarum
1599 291 1818 333 imperialibus

177 344 274 374 armis
304 344 557 375 conservandam
592 344 803 377 ordinaverit,
838 354 898 373 11011
933 343 1001 373 sine
1039 343 1179 373 maximo
1213 343 1323 373 dolore.
1356 343 1458 373 cordis
1493 344 1643 384 conqueri
1676 344 1821 383 cogimur

178 395 340 426 dilectioni
366 399 506 431 vestrae.
538 395 619 437 quod
646 406 661 425 a
688 395 793 436 capite
826 398 957 425 sanctae
983 395 1177 431 aecclesiae.
1211 395 1260 424 cui
1287 394 1434 425 Clu-istus
1465 395 1553 436 pacis
1578 406 1614 425 ac
1639 394 1820 425 dilectionis

138 457 148 473 ⁵
178 443 496 478 suac'characterem
516 448 687 488 impressit,
714 456 830 477 causae
848 446 1095 478 dissensionum.
1121 446 1350 477 seminariumb
1368 446 1535 477 malorum.
1553 447 1700 487 pestiferi
1718 446 1819 476 morbi

177 509 333 530 venenum
371 509 501 529 manare
536 498 695 529 videntur.
747 498 796 528 De
830 498 960 539 quibus.
992 498 1050 528 nisi
1076 497 1164 528 Deus
1194 501 1335 531 avertat.
1369 502 1469 528 totum
1495 509 1609 539 corpus
1635 498 1815 528 aecclesiae

176 551 414 587 commaculari,
439 551 594 581 unitatem
620 550 730 583 scindi.
762 550 844 580 inter
867 560 1001 590 regnum
1027 553 1058 580 et
1083 549 1297 580 sacerdotium
1323 550 1437 579 scisma.
1462 550 1529 581 ficri
1555 551 1818 591 pertimescimus.

177 602 257 633 Cum
289 603 372 633 enim
406 613 507 643 nuper
536 602 567 632 in
601 603 689 632 curia
712 602 873 632 Bisunciic
903 612 1049 632 essemus
1081 605 1112 631 et
1140 601 1180 631 de
1211 601 1330 631 honore
1355 602 1481 642 imperii
1507 605 1538 632 et
1564 602 1667 632 salute
1693 602 1817 632 aeccle-

176 655 294 685 siarum
320 653 428 685 debita
453 654 667 684 sollicitudine
694 658 917 689 tractaremus,
945 657 1100 683 venerunt
1126 653 1224 693 legati
1248 653 1425 694 apostolici.
1451 658 1643 685 asserentes.
1670 664 1703 684 se
1722 654 1819 684 talem

127 718 149 735 1ι1
176 707 372 747 legationem
397 710 526 736 nostrae
552 706 667 736 afferre
693 706 860 737 maiestati.
885 704 969 735 unde
994 705 1097 735 honor
1120 705 1244 745 imperii
1270 716 1330 735 non
1358 715 1489 746 parvum
1516 706 1662 746 accipere
1685 705 1820 735 deberet

175 759 418 788 incrementum.
466 757 553 792 Quos
580 768 650 787 cum
676 758 775 798 prima
802 757 852 787 die
871 757 1029 787 adventus
1056 757 1103 787 sui
1122 756 1296 787 honorifice
1314 756 1592 798 suscepissemusd
1618 761 1648 787 et
1666 757 1818 787 secunda.

174 814 208 840 ut
232 820 301 840 mos
327 814 385 845 est,
417 809 456 840 ad
486 809 678 840 audiendam
711 809 905 849 legationem
939 819 1048 839 eorum
1083 819 1154 838 cum
1185 809 1381 850 principibus
1406 809 1522 839 nostris
1547 809 1817 841 consedissemus,

174 863 235 903 ipsi
261 862 352 903 quasi
379 861 417 892 dc
442 872 624 891 mammona.
649 861 827 902 iniquitatis
853 861 966 892 inflati.
991 860 1030 891 dc
1049 860 1217 890 altitudine
1237 860 1419 901 superbiae.
1446 860 1484 891 de
1503 861 1585 890 fastu
1603 861 1819 901 arrogantiae.

175 914 214 945 de
240 914 416 945 execrabili
441 913 571 944 tumidi‘
597 913 701 943 cordis
725 913 881 943 elatione.
915 913 1110 953 legationem
1136 913 1321 953 apostolicis
1348 912 1462 942 litteris
1488 913 1701 954 conscriptam
1728 913 1819 943 nobis

127 975 147 993 151
175 969 454 1008 presentaverunt,
491 976 623 1006 quarum
660 969 752 995 tenor
782 965 854 995 talis
886 968 970 995 erat:
1007 964 1090 1005 quod
1124 975 1179 1005 pre
1205 964 1306 994 oculis
1337 964 1452 994 mentis
1477 975 1604 1005 semper
1627 964 1819 995 deberemus

173 1017 310 1048 habere.
347 1017 486 1058 qualiter
520 1017 656 1047 domnus
692 1027 771 1057 papa
803 1017 928 1055 insigne.
965 1016 1139 1057 imperialis
1173 1016 1332 1046 coronae1
1365 1016 1456 1046 nobis
1493 1016 1679 1051 contulerit.
1716 1028 1819 1058 neque

174 1074 281 1100 tamen
307 1069 500 1110 penitentias
530 1072 721 1098 moveretur.
755 1069 779 1097 si
805 1068 923 1098 maiora
951 1068 1146 1098 excellentia
1171 1072 1275 1098 nostra
1302 1067 1340 1097 ab
1367 1078 1403 1098 eo
1429 1067 1585 1098 beneficia
1610 1069 1818 1109 suscepisset.

173 1122 265 1153 Haec
296 1125 363 1151 erat
396 1121 450 1151 illa
481 1124 634 1162 paternae
664 1119 842 1150 dulcedinis
874 1120 1004 1160 legatio.
1036 1130 1117 1160 quae
1148 1120 1305 1150 unitatem
1332 1119 1510 1150 aecclesiae
1536 1124 1568 1149 et
1593 1120 1717 1161 imperii
1743 1131 1817 1150 con-

173 1174 282 1204 fovere
308 1172 428 1209 debuit,
459 1183 541 1213 quae
569 1172 694 1202 vinculo
725 1172 813 1213 pacis
839 1175 1010 1212 utrumque
1036 1171 1189 1211 colligare
1217 1171 1346 1207 studuit.
1380 1182 1462 1212 (111110
1487 1171 1527 1201 ad
1553 1172 1716 1213 utriusque
1743 1183 1818 1202 con-

123 1234 146 1251 20
175 1225 314 1255 cordiam
340 1229 371 1255 et
396 1224 612 1255 obedientiam
638 1224 760 1254 animos
789 1223 988 1253 audientium
1015 1224 1138 1254 allexit.
1187 1224 1284 1253 Certe.
1310 1222 1371 1253 adb'
1397 1234 1507 1253 vocem
1534 1223 1619 1253 illam
1646 1223 1817 1254 nefandam

174 1280 206 1307 et
229 1277 313 1307 omni
339 1277 475 1307 veritate
500 1287 629 1306 vacuam
656 1286 717 1306 non
742 1276 844 1305 solum
864 1276 1039 1316 imperialis
1059 1276 1210 1305 maiestas
1229 1275 1369 1305 debitam
1388 1274 1642 1315 indignationem
1661 1276 1818 1317 concepit.

173 1339 284 1359 verum
309 1339 419 1358 omnes
444 1328 604 1369 principes
629 1328 681 1368 qui
707 1327 841 1357 aderant
867 1330 954 1357 tanto
980 1327 1087 1357 furore
1113 1330 1144 1357 et
1170 1327 1214 1357 ira
1240 1330 1313 1357 sunt
1338 1326 1486 1368 repletih.
1518 1328 1602 1368 quod
1628 1328 1695 1358 sine
1721 1327 1818 1358 dubio

173 1381 245 1411 illos
280 1380 359 1410 duos
393 1380 519 1420 iniquos
556 1379 752 1420 presbiteros
787 1380 895 1408 mortis
927 1379 1089 1409 sententia
1120 1379 1362 1419 ‹lampnasscnt.
1401 1378 1477 1409 nisi¹'
1503 1379 1561 1409 hoc
1587 1383 1696 1409 nostra
1721 1380 1817 1410 inter-

174 1433 315 1474 cepisset
350 1432 523 1473 presentia.
580 1431 680 1461 l’orro
716 1431 787 1471 quia
827 1431 927 1461 multa
963 1431 1052 1471 paria
1095 1431 1272 1461 litterarum
1309 1430 1393 1472 apud
1434 1441 1489 1460 eos
1524 1436 1648 1472 reperta
1683 1436 1756 1461 sunt
1788 1436 1819 1462 et

123 1497 146 1514 ιη’»
175 1484 325 1515 scedulae
356 1483 515 1525 sigillatae
546 1483 585 1513 ad
617 1483 783 1513 arbitrium
816 1494 926 1513 eorum
958 1482 1062 1513 adbuc
1095 1482 1295 1516 sm-ibendae.
1326 1483 1449 1523 quibus.
1480 1484 1561 1513 sicut
1585 1487 1718 1514 actenus
1744 1495 1817 1514 con-

175 1535 353 1567 suetudinis
387 1546 496 1566 eorum
530 1535 603 1567 fuit.
640 1546 697 1576 per
727 1534 870 1575 singulas
901 1535 1077 1565 aecclesias
1102 1534 1272 1565 Teutonici
1303 1535 1393 1575 regni
1424 1539 1615 1576 conceptum
1641 1536 1818 1577 iniquitatis

174 1599 251 1619 suae
283 1588 368 1618 virus
399 1598 606 1628 respergere.
640 1587 754 1616 altaria
778 1586 956 1618 denudare.
989 1597 1063 1616 vasa
1088 1586 1201 1616 domus
1226 1586 1287 1616 Dei
1313 1589 1488 1627 asportare.
1514 1597 1624 1617 cruces
1650 1589 1819 1618 excoriare

174 1639 372 1671 nitebantur.
397 1650 435 1670 ne
461 1639 543 1669 ultra
568 1638 762 1680 procedendi
789 1638 925 1668 facultas
952 1639 997 1668 eis
1015 1637 1157 1671 daretur.
1184 1637 1297 1669 eadem
1317 1649 1380 1679 qua
1398 1642 1553 1669 venerant
1573 1639 1621 1669 via
1640 1639 1678 1669 ad
1701 1639 1818 1670 Urbem

175 1703 230 1723 eos
256 1691 359 1722 redire
384 1691 530 1721 fecimus.
577 1690 722 1730 Cumque
748 1700 805 1730 per
830 1690 1021 1720 electionem
1040 1690 1219 1731 principum
1239 1701 1255 1719 a
1274 1690 1342 1720 solo
1361 1690 1430 1720 Deo
1449 1701 1582 1731 regnum
1601 1696 1632 1721 et
1650 1691 1818 1732 imperium

123 1754 147 1771 ³⁰
175 1748 317 1775 nostrum
343 1742 413 1774 sitk.
439 1743 490 1783 qui
516 1742 545 1772 in
571 1742 721 1783 passione
741 1741 859 1772 Christi
878 1742 932 1771 filii
952 1742 999 1771 sui
1019 1741 1144 1772 duobus
1163 1741 1280 1782 gladiis
1300 1742 1494 1772 necessariis
1513 1742 1688 1782 regendum
1709 1743 1817 1774 orbem

174 1796 320 1829 subiecit.
349 1805 484 1835 cumque
511 1794 625 1825 Petrus
657 1794 822 1834 apostolus
848 1793 906 1823 bac
932 1793 1078 1823 doctrina
1110 1793 1261 1824 mundum
1287 1794 1521 1824 informaverit:
1556 1793 1672 1825 ‘Deum
1698 1795 1933 1832 ti1ncte.1.i·etr.-.r
1952 1808 1980 1824 17.

173 1858 282 1889 regem
308 1845 538 1877 honorificate'.
570 1846 762 1886 quicumsple
793 1855 850 1875 nos
881 1845 1082 1885 imperialem
1109 1856 1258 1875 coronam
1285 1856 1341 1886 pro
1367 1845 1523 1876 beneficio
1550 1856 1567 1875 a
1592 1845 1708 1876 domno
1735 1858 1817 1888 papa

173 1899 356 1940 suscepisse
390 1898 517 1930 dixerit.
548 1896 689 1928 divinael
719 1896 910 1927 institutioni
941 1901 972 1927 et
1005 1897 1169 1927 doctrinae
1195 1897 1283 1927 Petri
1316 1897 1497 1927 contrarius
1522 1902 1570 1927 est
1604 1902 1635 1928 ct
1660 1899 1819 1929 mendacii

175 1963 248 1982 rcus
273 1951 341 1981 erit.
388 1949 471 1985 Quia
495 1960 570 1979 vero
595 1952 726 1979 actenus
751 1948 902 1978 honorem
928 1960 964 1978 ac
990 1948 1172 1979 libertatem
1198 1949 1442 1983 aecclesiarum.
1475 1959 1556 1989 quae
1582 1949 1701 1980 iamdiu
1728 1950 1817 1980 inde-

123 2016 146 2033 11»
174 2004 260 2034 bitae
292 2002 456 2033 servitutis
484 2002 559 2042 iugo
585 2000 738 2041 depressa
768 2004 826 2033 cst.
855 2012 873 2030 a
898 2011 993 2030 manu
1019 2000 1263 2041 Egggyptiorumm
1288 2000 1469 2031 studuimus
1494 2001 1620 2042 eripere
1654 2005 1686 2032 et
1712 2002 1815 2032 011111111

173 2055 218 2086 eis
243 2054 436 2094 dignitatum
463 2063 592 2083 suarum
618 2053 687 2082 iura
711 2063 903 2082 conservare
935 2052 1140 2085 intendimus.
1169 2052 1414 2083 universitatem
1441 2057 1580 2083 vestram
1607 2064 1704 2094 super
1730 2058 1814 2083 tanta

173 2106 349 2148 ignominia.
378 2105 470 2135 nobis
496 2108 527 2135 et
552 2104 685 2145 imperio
711 2104 883 2134 condolere
910 2115 1071 2144 rogamus,
1105 2108 1283 2145 sperantes.
1310 2115 1348 2135 ne
1374 2104 1528 2135 honorem
1554 2105 1690 2146 imperii.
1722 2106 1774 2146 qui
1800 2117 1816 2136 11

174 2158 402 2190 constitutione
428 2156 524 2186 Urbis
557 2160 588 2186 et
613 2156 807 2186 christianae
832 2156 995 2195 religionis
1020 2156 1221 2187 institutione
1246 2155 1286 2186 ad
1311 2160 1420 2187 vestra
1450 2167 1550 2197 usque
1576 2161 1722 2197 tempora
1746 2158 1815 2198 glo-

174 2210 278 2240 riosus
314 2212 345 2239 et
380 2208 567 2238 imminutus
603 2208 718 2238 extitit.
754 2207 848 2237 fidci¹¹
880 2210 1007 2237 vestrae
1039 2207 1176 2237 indivisa
1206 2208 1372 2238 sinceritas
1404 2211 1469 2238 tam
1496 2208 1636 2238 inaudita
1664 2209 1816 2244 novitate.

122 2275 146 2292 »ιιι
173 2264 238 2292 tam
270 2263 521 2302 presumptuosa
549 2259 690 2289 elatione
720 2259 862 2288 imminui
895 2259 1046 2299 patiatur:
1080 2260 1184 2290 sciens
1218 2260 1303 2290 omni
1328 2259 1539 2300 ambiguitate
1565 2264 1701 2295 remota.
1734 2260 1815 2301 quod

174 2313 285 2343 mortis
311 2311 488 2353 periculum
513 2314 587 2340 ante
612 2311 768 2341 vellemus
794 2310 968 2343 incurrere.
995 2320 1089 2351 quam
1116 2311 1234 2341 nostris
1259 2311 1458 2352 temporibus
1485 2315 1593 2342 tantae
1620 2313 1814 2342 confusionis

175 2365 381 2406 obprobrium
406 2363 576 2393 sustinere.

277 2466 340 2492 1⁴35.
365 2470 387 2494 a)
406 2475 512 2498 regnum
533 2466 657 2490 comiserit
678 2471 700 2489 ct
722 2466 779 2497 imp.
800 2474 852 2497 reg.
869 2467 898 2489 .l.
971 2466 993 2493 ¹¹)
1012 2466 1146 2490 seminaria
1162 2467 1192 2490 A.
1266 2466 1287 2497 e)
1308 2466 1420 2490 Bisunzii
1441 2465 1463 2489 Β
1476 2466 1495 2489 1.
1567 2464 1591 2491 ¹¹)
1612 2466 1768 2497 suscepimus
1784 2467 1813 2488 A.

173 2514 195 2538 e)
215 2510 281 2534 «least
298 2509 328 2533 B.
418 2508 440 2535 s)
460 2509 597 2541 penitentie
617 2508 640 2532 L*
653 2508 676 2532 3.
765 2513 788 2531 ’ἐι
807 2513 831 2532 et
850 2509 880 2532 ad
895 2509 925 2531 11.
1015 2507 1038 2531 hl
1059 2509 1118 2540 repl.
1139 2514 1199 2533 sunt
1213 2510 1242 2532 A.
1317 2509 1333 2537 ¹)
1354 2509 1454 2532 nonnisi
1470 2508 1494 2531 Β
1511 2508 1530 2531 l.
1544 2510 1565 2532 2.
1639 2507 1661 2533 k,
1682 2509 1707 2532 fii
1722 2508 1746 2531 J}
1760 2508 1814 2532 l.;1·.

123 2554 146 2571 ⁴5
174 2552 192 2579 l)
211 2553 290 2577 divini
310 2552 333 2576 B
348 2552 370 2576 l.
390 2552 436 2575 B'.
523 2551 554 2583 Π1)
576 2552 658 2583 ligipt.
673 2552 703 2574 ⁴l,
793 2555 816 2579 Ω)
836 2552 902 2575 dccsr
917 2552 947 2575 ,L

279 2646 303 2678 l)
325 2644 385 2670 Hoc
403 2644 455 2669 Ioco
476 2652 554 2669 mecm
574 2643 736 2669 beneficium
755 2643 878 2669 arculis-se
899 2652 917 2669 r.
937 2652 1020 2676 snpra
1035 2654 1063 2677 I'-
1078 2647 1126 2670 230
1145 2647 1230 2670 not.1.
