2205 3072
268 2280 320 2302 Feb.
334 2285 362 2302 11.

383 157 444 193 268
789 158 971 185 FRIDERICI
991 158 1010 184 1.
1029 157 1350 185 CONSTITUTION'ES.
1388 159 1463 185 1160.
1500 158 1547 184 Nr.
1561 158 1617 183 190.

383 248 491 279 domni
524 258 627 289 papae
653 246 794 277 Victoris
819 246 851 276 in
875 246 1067 287 'praesentia
1095 246 1235 276 omnium
1265 246 1417 276 domnum
1442 245 1608 276 Victorem
1634 250 1695 275 seln
1721 245 1862 285 elegisse
1887 243 2027 274 affirma-

383 303 506 335 verunt,
541 303 572 329 et
604 299 671 340 ipse
695 298 749 328 W.
779 298 811 328 in
843 298 948 329 medio
978 298 1104 329 concilii
1138 298 1197 328 hoc
1231 297 1353 328 audivit
1389 300 1421 327 et
1449 308 1513 327 non
1537 297 1676 337 negavit.
1724 296 1807 327 Item
1831 296 1966 326 domnus
1992 294 2028 325 O.

383 351 552 381 cardinalis
571 350 680 381 Sancti
706 350 862 380 Adriani¹¹
888 350 1072 380 infirmitate
1096 350 1247 380 detentus
1272 360 1329 391 per
1354 349 1590 390 cyrographum
1611 349 1703 379 nobis
1721 349 1919 379 voluntatem
1935 358 2025 378 suam

383 403 534 444 exposuit
559 407 590 433 et
614 413 671 443 per
696 403 841 432 nuntium
867 403 972 433 iurare
997 403 1172 444 praecepit.
1197 402 1347 432 domnum
1364 401 1530 432 Victorem
1556 412 1590 432 se
1615 401 1754 441 elegisse
1778 403 1809 430 et
1827 399 1857 430 ei
1876 398 2026 430 obedisse

383 459 414 485 et
438 464 510 485 eum
536 458 567 485 et
591 465 653 484 non
679 455 776 484 aliurn
801 454 831 484 111
856 453 1020 484 domiuum
1045 457 1077 485 et
1109 465 1224 496 papam
1251 454 1333 485 velle
1359 464 1393 484 se
1417 453 1570 484 habel-«3⁰.
1616 453 1774 494 Magister
1798 452 1914 483 etiamp
1937 450 2025 481 Rod-

381 506 515 537 bertus‘l
540 506 710 537 cardinalis
737 506 874 536 Sanctae
900 506 1021 536 Mariae
1046 507 1077 536 in
1095 506 1157 537 Via
1181 507 1255 543 lata,
1286 507 1368 537 sicut
1392 516 1448 547 pro
1473 508 1561 536 certo
1587 505 1805 546 cognovimus,
1831 514 1904 535 eum
1927 503 2027 543 elegit

383 563 434 589 etr
458 559 486 589 ei
511 558 662 589 obedivit.
709 558 845 599 Propter
870 558 953 598 quod
979 559 1085 593 etiam.
1110 558 1185 588 dum
1211 557 1250 588 ad
1270 558 1436 588 concilium
1461 557 1619 595 tenderet,
1644 556 1858 587 afautoribus
1875 554 2026 586 Rollandi

382 610 465 640 Pisis
490 614 602 652 eaptus
633 614 682 640 est
714 615 746 640 ct
770 610 929 640 fustibusp
953 609 1176 640 crudelissime
1202 609 1390 641 verberatus
1415 613 1447 640 et
1471 610 1501 639 in
1527 618 1689 640 carcerem
1712 611 1830 638 trusus.
1877 606 1916 638 G.
1935 605 2026 637 Sabi-

382 662 506 692 nensiss
538 663 708 703 episcopus
741 666 773 692 et
797 662 865 692 Ar.t
890 661 1063 692 cardinalis
1096 666 1128 692 et
1158 662 1212 692 alii
1240 662 1331 692 multi
1361 661 1554 692 obedierunt
1583 661 1711 691 domino
1739 659 1874 695 Victori,
1907 658 1961 700 qui
1992 660 2027 688 ut

381 715 588 756 accepimus¹¹
619 714 706 744 varia
735 724 790 755 spe
816 715 1024 755 pecuniarum
1050 714 1174 744 seducti
1208 718 1322 755 postea
1354 714 1503 744 abierunt
1535 718 1721 744 retrorsum.
1767 711 1945 742 Praeterea
1968 721 2026 741 nos

382 767 584 807 antiquorum
610 770 735 807 patrum
762 766 899 806 vestigia
925 770 956 796 et
972 766 1139 796 Romanae
1165 766 1323 796 ecclesiae
1349 765 1615 796 consuetudinem
1639 765 1815 801 imitantes,
1840 763 1971 794 Librum
1989 762 2028 792 de

382 819 446 849 vita
471 823 503 849 et
527 818 728 849 ordinatione
753 818 974 848 Romanorum
999 818 1186 859 pontificum
1212 829 1309 859 super
1334 817 1490 848 similibus
1516 818 1622 848 causis
1647 822 1678 848 et
1695 815 1973 847 dissensionibusv
1998 815 2029 844 in

383 870 486 900 medio
513 870 644 901 concilio
670 870 804 900 fecimus
829 870 967 907 recitari,
993 870 1047 900 ubi
1071 870 1241 900 manifeste
1267 871 1493 911 comperimus,
1518 869 1602 910 quod
1628 869 1658 899 in
1684 867 1867 899 huiusmodi
1892 867 2028 907 negotiis

381 922 469 952 illum
504 932 631 963 semper
662 926 773 952 sancta
805 922 991 952 aecclesiaW
1016 923 1127 952 statuit
1153 922 1416 963 praeferendum.
1452 922 1504 962 qui
1530 921 1687 962 petitione
1713 920 1836 962 populi.
1870 928 2028 949 consensu

381 979 414 1004 et
438 974 600 1004 desiderio
627 974 703 1004 cleri
727 985 746 1004 a
771 973 987 1004 cardinalibus
1012 974 1096 1015 prior
1121 978 1170 1004 est
1194 974 1391 1004 inmantatus
1417 977 1471 1003 ctx
1495 974 1525 1003 in
1550 972 1703 1003 cathedra
1720 972 1807 1002 beati
1824 971 1912 1001 Petri
1931 970 2027 1001 collo-

382 1030 481 1056 catus.
529 1025 612 1056 Illud
638 1026 745 1062 etiam,
771 1025 854 1067 quod
880 1025 919 1055 de
937 1026 1096 1056 Anacleto
1122 1029 1153 1055 et
1170 1025 1297 1056 (10111100
1314 1025 1503 1056 Innocentio
1521 1025 1639 1055 nostris
1657 1024 1856 1066 temporibus
1873 1022 2029 1053 accidisse

380 1078 565 1113 recolimus,
590 1078 630 1107 ad
654 1078 842 1108 memoriam
868 1078 991 1108 concilii
1017 1077 1243 1108 nichilominus
1269 1082 1317 1107 est
1342 1081 1536 1113 revocatum,
1563 1076 1667 1118 quody
1693 1076 1767 1106 licet
1785 1086 1848 1106 una
1866 1079 1898 1106 et
1915 1074 2028 1105 eadem

381 1129 431 1159 die
457 1129 551 1159 ambo
575 1130 743 1159 inmantati
768 1129 916 1168 fuissent,
949 1130 1004 1160 illc
1029 1130 1133 1170 potius
1158 1133 1207 1159 est
1232 1129 1272 1159 ab
1297 1129 1457 1159 aecclesia
1485 1128 1692 1170 approbatus,
1724 1128 1814 1158 cuius
1841 1127 2029 1157 inmantatio

381 1182 489 1222 aliqua
521 1181 582 1211 diei
611 1186 701 1222 parte
732 1182 920 1222 praecessit.
973 1182 1001 1211 A
1026 1182 1156 1211 saeculo
1189 1191 1251 1211 000
1280 1186 1329 1211 est
1363 1181 1518 1217 auditum.
1555 1180 1638 1221 quod
1669 1184 1741 1222 post
1774 1180 1868 1210 unius
1903 1180 2025 1210 inman-

379 1233 533 1263 tationem
570 1233 622 1264 die
660 1237 826 1263 transacta
859 1234 941 1263 alius
977 1237 1090 1274 postea
1128 1233 1224 1263 fuerit
1254 1234 1458 1263 inmantatus.
1513 1232 1691 1263 Rollandus
1725 1237 1834 1262 autem
1869 1242 1932 1262 non
1964 1241 2028 1261 una

380 1289 515 1320 tantum.
541 1284 597 1315 sed
616 1284 786 1315 undecima
806 1290 969 1315 transacta
987 1284 1039 1315 die
1058 1290 1131 1326 post
1148 1285 1415 1315 ininantationem
1433 1284 1554 1315 domini
1573 1284 1712 1314 Victoris
1731 1284 1791 1314 fuit
1807 1281 2028 1324 inmantatus]

483 1339 511 1369 6.
536 1336 712 1367 Praeterea
746 1336 899 1367 vidimusz
924 1337 1042 1378 scripta
1068 1336 1201 1367 Henrici
1226 1337 1334 1367 Pisani
1364 1337 1536 1367 cardinalis
1560 1336 1599 1366 ad
1625 1336 1775 1366 domnum
1801 1336 2028 1377 imperatorem

379 1387 511 1423 directa,
536 1389 567 1418 in
592 1388 707 1429 quibus
726 1399 883 1430 expresse
902 1389 1138 1425 continebatur„
1165 1388 1248 1430 quod
1270 1389 1392 1419 nullum
1412 1389 1531 1419 vellent
1549 1389 1730 1419 aecclesiae
1749 1388 1858 1418 subire
1876 1387 2028 1418 iudicium

379 1441 428 1470 vel
455 1451 603 1472 examen.
651 1441 756 1482 Super
789 1440 869 1471 haec
899 1441 1005 1471 omnia
1030 1441 1114 1471 idem
1141 1440 1302 1471 Henricus
1328 1445 1360 1471 et
1385 1440 1462 1471 Otto
1488 1440 1660 1471 cardinalis
1687 1440 1798 1470 Sancti
1822 1439 1949 1470 Nicolai
1973 1439 2028 1469 in⁸

379 1491 517 1523 Carcere
544 1492 709 1526 Tulliano.
743 1493 795 1533 qui
828 1496 973 1534 tempore
999 1494 1124 1523 concilii
1154 1499 1185 1524 et
1209 1498 1284 1523 ante
1309 1498 1387 1534 aput
1412 1493 1546 1523 Ianuam
1573 1493 1794 1529 morabantur,
1829 1495 1862 1523 et
1885 1491 2026 1522 Ioannes

379 1543 591 1585 Anagninusb
616 1543 836 1575 *cardinalis*
861 1549 893 1575 et
910 1545 1050 1576 Ioannes
1068 1545 1217 1576 Pitutusc
1241 1545 1396 1576 *sanctae
1414 1545 1583 1575 Romanae
1606 1545 1786 1575 aecclesiae
1804 1543 2028 1580 subdiaconi*,

379 1596 431 1637 qui
464 1595 496 1637 [a
519 1596 678 1627 Rollando
709 1595 901 1638 transmissi]
937 1602 1012 1627 tunc
1042 1600 1120 1639 aput
1146 1597 1345 1628 Placentiam
1371 1597 1610 1633 morabanturd.
1642 1608 1700 1638 per
1724 1596 1805 1627 VIII
1831 1594 2026 1638 [continuos]

380 1648 448 1678 dies
480 1659 497 1678 a
527 1653 593 1678 teto
618 1649 771 1679 concilioe
797 1653 871 1679 sunt
896 1650 1059 1690 expectati
1085 1654 1116 1680 et
1140 1660 1198 1690 per
1222 1649 1346 1680 litteras
1371 1648 1421 1680 ets
1443 1649 1578 1680 nuncios
1604 1649 1733 1679 concilii
1757 1652 1831 1679 sunt
1856 1648 1971 1685 vocati.
1998 1651 2029 1678 et

379 1703 644 1741 contempserunt
670 1701 789 1731 venire.

485 1753 511 1783 7.
538 1752 588 1782 Ex
618 1753 666 1782 his
701 1753 799 1793 igitur
829 1752 940 1783 0011158
970 1753 1167 1784 sufficienter
1195 1754 1382 1784 instructish
1416 1753 1459 1784 eti
1493 1754 1629 1784 veritate
1665 1753 1738 1783 hinc
1776 1752 1850 1783 iude
1883 1752 2026 1793 plenarie

379 1803 551 1838 declarata.
586 1804 707 1845 placuit
743 1805 920 1835 reverendo
952 1805 1095 1841 concilio.
1128 1810 1161 1836 ut
1190 1807 1305 1836 electio
1336 1806 1444 1836 domni
1470 1805 1623 1843 Victoris,
1657 1806 1709 1846 qui
1735 1809 1898 1846 tamquam
1924 1814 2028 1845 agnus

378 1862 567 1886 mansuetus
592 1862 623 1886 et
648 1857 803 1887 innocens
829 1856 984 1887 veneratk
1002 1858 1183 1888 aecclesiae
1202 1858 1353 1888 iudicium
1372 1858 1535 1888 humiliter
1553 1862 1775 1898 suscepturus,
1794 1856 2030 1898 approbaretur

379 1913 411 1937 et
436 1907 697 1945 confirmaretur.
722 1912 754 1939 et
778 1909 892 1939 electio
918 1909 1068 1939 Rollandi
1095 1910 1222 1950 penitus
1248 1914 1442 1940 cassaretur.
1490 1909 1531 1940 Et
1556 1910 1676 1940 factum
1702 1914 1751 1940 cst
1768 1910 1820 1940 ita.
1859 1908 2028 1939 Electione

379 1960 486 2000 itaque
519 1959 625 1991 domni
654 1960 801 1996 Victoris.
833 1967 954 1992 remoto
987 1963 1071 1992 omni
1103 1963 1240 1993 seculari
1271 1962 1397 1999 iudicio.
1429 1964 1528 1993 sancti
1560 1962 1697 2003 Spiritus
1728 1963 1832 2002 gratia
1866 1962 2026 2000 invocata,

379 2012 568 2042 confirmata
600 2012 645 2042 ctl
679 2018 818 2053 recepta,
853 2013 1140 2044 christianissimus
1173 2015 1347 2055 imperator
1379 2012 1512 2056 [noster]
1544 2019 1615 2055 post
1647 2025 1758 2045 omnes
1791 2014 1963 2055 episcopos
1995 2016 2027 2043 et
2073 2034 2078 2044 ‚

379 2068 451 2104 post
475 2074 602 2094 omnem
628 2064 749 2094 clerum
774 2065 916 2098 ultimus.
951 2064 1015 2106 [ex]
1047 2066 1180 2096 consilio
1207 2071 1238 2096 et
1267 2066 1421 2107 petitione
1447 2066 1573 2096 concilii
1604 2066 1795 2096 electionem
1820 2065 1928 2096 domni
1947 2064 2024 2095 Vio-

379 2116 457 2146 toris
482 2117 607 2156 recepit
632 2120 663 2146 et
688 2117 887 2157 approbavit.
914 2122 946 2147 et
971 2122 1043 2158 post
1069 2128 1141 2148 eum
1167 2129 1278 2149 0011105
1304 2119 1466 2159 principes
1493 2117 1586 2160 [eius]
1614 2122 1645 2149 et
1663 2118 1907 2148 innumerabilis
1925 2117 2027 2147 homi-

378 2177 452 2197 num
485 2167 657 2198 multitudo
693 2179 774 2209 quae
804 2179 939 2209 presens
974 2172 1057 2206 erat,
1095 2168 1150 2211 [et]
1184 2170 1385 2211 interrogata
1414 2170 1517 2200 tribus
1549 2170 1710 2205 vicibusm.
1742 2170 1767 2200 si
1799 2170 1849 2200 ei¹¹
1873 2170 2028 2211 placeret.

378 2219 547 2260 respondit
572 2230 644 2249 cum
669 2219 787 2260 gaudio
812 2231 929 2261 magna
954 2232 1045 2251 voce:
1072 2220 1217 2252 *Plan-eff.
1266 2222 1420 2262 Sequenti
1446 2222 1498 2253 die
1524 2223 1680 2264 proxima,
1712 2221 1743 2252 id
1768 2226 1817 2252 est
1841 2222 1943 2263 prima
1968 2221 2026 2252 VI.

379 2271 459 2301 feria
490 2271 773 2312 quadragesimae.
805 2272 940 2303 domnus
966 2273 1076 2303 Victor
1108 2284 1179 2304 cum
1208 2275 1415 2315 processione
1446 2275 1485 2305 ab
1517 2275 1679 2305 aecclesia
1712 2274 1814 2304 saneti
1848 2274 2026 2304 salvatoris

380 2329 473 2353 extra
497 2323 672 2359 civitatem.
697 2324 727 2353 10
752 2334 814 2364 qua
830 2324 937 2355 fuerat
955 2325 1168 2366 hospitatus0.
1193 2325 1233 2356 ad
1252 2326 1495 2356 cathed1·alem¹’
1521 2326 1690 2356 ecelesiam
1708 2326 1848 2367 gloriose
1866 2325 2024 2356 deductus

379 2378 439 2405 est.
486 2374 535 2404 Ibi
562 2375 836 2415 relligiosissimus
861 2377 1036 2418 imperator
1060 2381 1134 2408 ante
1160 2379 1273 2408 ianuas
1291 2379 1472 2409 aecclesiae
1490 2388 1563 2408 eum
1582 2378 1724 2419 suscepit
1742 2383 1774 2408 et
1790 2377 2024 2408 descendentiq

483 2469 546 2495 190.
572 2475 603 2501 ¹¹¹)
622 2479 701 2502 supra
721 2471 765 2496 lin.
785 2471 846 2496 add.
866 2471 893 2497 V:
917 2472 983 2496 deest
998 2472 1025 2496 L⁴
1116 2476 1140 2499 Π]
1161 2474 1191 2497 Α.
1207 2473 1236 2497 L.
1321 2472 1344 2505 Ο)
1364 2482 1390 2497 se
1410 2474 1467 2497 hab.
1488 2474 1553 2498 velle
1567 2474 1597 2498 L.
1668 2474 1693 2502 Ρ)
1713 2473 1780 2497 deese
1797 2473 1821 2497 Γ.
1894 2475 1918 2500 <ll
1938 2474 1982 2497 Ro.
2001 2472 2028 2497 V.

377 2513 397 2536 Γ)
418 2512 470 2536 loco
490 2516 515 2537 et
533 2513 555 2537 ei
575 2514 614 2538 ob.
636 2515 674 2537 Pr.
694 2515 761 2545 quod
782 2514 814 2538 L:
839 2516 889 2545 qui.
979 2516 998 2542 s)
1019 2516 1175 2540 Sabiniensis
1196 2516 1221 2540 V.
1304 2515 1324 2547 t)
1346 2517 1374 2540 A.
1394 2517 1424 2540 L.
1495 2520 1520 2539 ¹¹}
1540 2517 1653 2549 cepimus
1669 2516 1697 2541 L.
1768 2518 1791 2543 v)
1806 2520 1834 2549 et
1853 2517 1911 2540 diss.
1930 2516 1981 2540 des.
2000 2515 2026 2540 V.

377 2554 407 2585 w)
427 2564 492 2579 corr.
518 2564 547 2579 ea}
572 2557 661 2581 statuit
685 2558 762 2581 aeccl.
784 2557 809 2586 I}
837 2562 925 2582 sancta
949 2559 1009 2583 cccl.
1036 2559 1107 2583 illum
1133 2568 1231 2591 semper
1254 2561 1342 2584 statuit
1360 2560 1389 2584 L.
1495 2559 1520 2592 x)
1540 2561 1599 2584 111111.
1624 2564 1648 2584 et
1671 2560 1722 2584 (Iex.
1741 2559 1767 2583 1⁷.
1872 2562 1895 2589 y)
1915 2560 1976 2591 quia
1994 2559 2023 2584 L.

377 2598 397 2625 Ζ)
418 2600 560 2623 Vidimus
580 2601 671 2624 etiam
694 2602 723 2625 G.
738 2601 797 2628 Fr.;
820 2602 952 2627 Praeterea
971 2603 1081 2626 vidimus
1102 2616 1132 2619 —-
1152 2607 1357 2635 contempserunt
1376 2604 1463 2627 venire
1482 2604 1533 2628 des.
1549 2603 1577 2627 L.
1660 2602 1682 2633 a)
1703 2604 1732 2627 de
1753 2603 1782 2627 G.
1798 2603 1844 2627 Fr.
1916 2602 1940 2629 b)
1961 2611 2026 2626 corr.

377 2651 406 2665 em
426 2644 544 2674 Agninus
565 2643 590 2668 V.
697 2644 719 2668 cl
741 2645 866 2668 Iohannes
886 2645 1006 2669 Piozutus
1029 2648 1058 2669 G.
1072 2645 1118 2669 Fr.
1224 2644 1248 2677 d)
1268 2650 1358 2670 erant
1379 2646 1408 2670 G.
1423 2646 1469 2670 Fr.
1572 2646 1595 2676 θ)
1615 2654 1684 2670 conc.
1704 2649 1756 2670 toto
1776 2645 1806 2669 G.
1825 2646 1867 2670 Fr.
1956 2645 1979 2676 f)
1998 2654 2028 2670 ac

377 2685 408 2717 B.
424 2686 471 2709 B'.
488 2688 508 2710 C
523 2687 542 2710 l.
648 2690 672 2712 Β)
692 2688 837 2712 omnibns
859 2688 887 2712 G.
902 2688 947 2712 Fr.
1050 2688 1074 2715 l¹)
1094 2690 1250 2713 instructi
1271 2690 1301 2713 G.
1316 2689 1362 2713 Fr.
1452 2689 1468 2719 1)
1488 2689 1541 2713 loco
1561 2690 1633 2713 nobis
1654 2690 1711 2713 suff.
1731 2690 1802 2713 instr.
1822 2693 1846 2713 et
1860 2689 1894 2713 L:
1920 2690 2029 2714 auctori-

377 2730 473 2753 tatibus
493 2734 517 2753 ct
537 2731 684 2754 rationibus.
808 2729 832 2760 k)
852 2732 990 2756 aecclesiae
1009 2733 1060 2756 iud.
1080 2737 1184 2757 venerat
1201 2733 1226 2756 Γ.
1350 2731 1367 2762 ly)
1389 2738 1466 2764 atque
1480 2733 1510 2757 L.
1627 2734 1658 2763 m)
1677 2734 1734 2757 trib.
1755 2734 1794 2757 vic
1823 2734 1909 2757 interr.
1933 2733 1962 2757 G.
1980 2733 2027 2757 Fr.

377 2775 400 2801 ¹³)
420 2773 464 2795 eis
487 2774 515 2796 G.
531 2772 577 2797 Fr.
666 2772 689 2805 0)
710 2774 885 2806 hospicium
905 2776 972 2799 eius
993 2776 1022 2799 G.
1038 2775 1083 2799 Fr.
1173 2775 1196 2805 v)
1217 2776 1410 2800 catholicam
1432 2777 1496 2800 male
1518 2778 1546 2800 G.
1561 2776 1607 2800 Fr.
1690 2776 1713 2806 q)
1733 2784 1798 2800 corr.
1818 2785 1848 2800 ex
1866 2776 1976 2800 descenti
1997 2775 2024 2807 V;

377 2815 545 2840 descendente
564 2816 595 2840 B.
611 2815 634 2839 B
641 2818 657 2839 '.

2056 718 2079 735 10

2055 1241 2080 1259 20

2055 1501 2079 1519 25

2057 1768 2080 1785 30

2055 2286 2080 2303 40

2053 2566 2079 2585 45

2054 2782 2079 2800 50
