2205 3072
350 163 419 212 476*
753 179 917 206 HEINRICI
935 179 982 206 VI.
1002 178 1323 206 CONSTITUTIONES.
1360 178 1434 204 1191.
1470 178 1517 204 Nr.
1531 178 1589 204 333.

351 265 463 291 Ueneris
487 274 541 291 non
567 265 634 291 dent
657 264 690 296 ei,
713 266 741 291 et
764 266 831 291 tunc
850 265 893 290 vel
913 265 935 290 si
954 266 1020 291 ante
1038 265 1144 299 ceperit
1166 265 1244 291 illud.
1270 264 1349 290 dabit
1368 263 1475 289 Pisanis
1493 263 1564 290 illud
1584 266 1703 290 castrum
1723 264 1907 299 disbrigatum
1927 274 1987 290 cum

349 325 397 342 suo
426 317 485 342 iure
512 318 539 342 et
564 316 740 350 pertinentiis
767 317 797 342 in
824 316 935 342 feodum
962 318 990 343 et
1013 325 1063 350 per
1085 318 1245 350 preceptum
1265 324 1344 341 suum
1364 315 1545 341 confirmabit.
1582 316 1616 342 Et
1639 303 1701 342 octo
1721 316 1817 343 diebus
1836 318 1988 350 antequam

349 367 483 394 exercitus
503 367 664 394 Pisanorum
684 375 742 393 esse
760 367 860 394 debeat
879 368 914 393 ad
933 368 1112 398 obsidionem,
1131 368 1191 401 ipse
1208 368 1260 393 erit
1273 367 1306 393 ad
1321 367 1493 393 obsidionem
1505 367 1591 393 Ianue
1604 369 1632 394 et
1643 370 1740 401 postea
1753 368 1845 394 vivam
1859 376 1986 402 guerram

349 419 432 445 faciet
450 419 639 445 Ianuensibus.
677 419 789 445 Pisanos
812 419 919 446 autem
943 421 971 445 et
990 428 1081 445 eorum
1102 427 1144 445 res
1163 420 1191 445 et
1210 427 1303 444 eorum
1322 420 1409 444 ostem
1429 418 1549 445 salvabit
1562 420 1590 445 et
1606 428 1662 446 non
1674 419 1848 453 derelinquet
1861 428 1914 446 eos,
1934 420 1987 446 nisi

348 471 421 498 iusto
444 472 496 498 Dei
523 472 723 506 impedimento
753 472 926 504 remanserit,
955 473 1014 499 sine
1042 473 1139 498 fraude
1163 474 1192 498 et
1217 472 1291 498 malo
1320 471 1441 506 ingenio.
1486 472 1523 498 Et
1544 472 1629 499 faciet
1652 473 1744 500 iurare
1767 468 1985 500 marchionem

348 519 387 549 de
413 519 644 550 Monteferrato
678 524 709 550 et
733 520 937 551 marchiones
962 520 1000 551 de
1025 519 1128 550 Uasto
1162 523 1193 550 et
1223 519 1262 550 de
1286 519 1393 550 Busco
1423 522 1455 550 et
1477 519 1688 562 Morruellum
1711 520 1930 552 marchionem
1955 524 1987 551 et

349 570 526 612 Opizonem
553 571 620 601 eius
645 571 775 601 fratrem
800 575 832 602 et
856 572 990 602 comites
1015 571 1054 602 de
1077 571 1234 605 Lauania,
1259 584 1328 608 quos
1351 575 1465 609 poterit,
1489 577 1521 602 ut
1536 575 1631 602 Pisani
1653 576 1710 602 sint
1733 577 1823 603 securi
1846 577 1875 603 in
1892 585 1988 604 eorum

348 626 435 653 forcia
465 636 526 652 cum
555 627 611 653 suis
639 627 732 658 rebus;
764 629 793 653 et
822 627 845 653 si
868 628 1018 654 Lanuenses
1046 627 1163 654 fecerint
1186 627 1294 653 Pisanis
1316 635 1446 661 guerram
1469 627 1563 661 aliqua
1587 628 1732 655 occasione
1755 637 1788 654 ex
1812 628 1987 662 supradictis,

349 679 423 712 quod
447 687 494 705 eos
517 678 581 704 inde
604 679 779 705 adiuvabunt
801 688 889 712 usque
912 679 947 705 ad
970 688 1067 713 pacem
1091 680 1194 705 factam
1219 681 1247 705 et
1270 679 1363 705 vivam
1385 688 1515 713 guerram
1542 680 1647 707 facient
1668 680 1860 707 Ianuensibus.
1905 679 1942 706 Et
1965 680 1988 706 si

348 736 406 757 rex
422 731 538 757 ianuam
562 731 667 764 ceperit
685 731 727 757 vel
751 731 810 757 sine
832 731 992 758 conditione
1009 740 1037 757 se
1058 731 1209 758 reddiderit
1233 731 1266 763 ei,
1291 731 1391 758 Portus
1407 731 1524 758 Ueneris
1541 734 1663 759 castrum
1678 732 1863 767 disbrigatum
1879 732 1987 758 Pisanis

346 782 375 808 in
404 782 516 808 feodum
548 782 634 814 dabit,
665 784 696 808 ut
726 782 831 808 dictum
860 786 910 809 est.
962 783 996 809 Et
1021 783 1044 809 si
1068 783 1219 817 contigerit
1242 792 1304 810 eam
1327 783 1440 815 destrui,
1471 784 1598 811 homines
1621 785 1655 811 de
1678 785 1773 816 Ianua,
1805 784 1853 818 qui
1876 784 1915 810 ibi
1937 793 1988 818 pro

346 834 506 860 habitantia
530 834 715 861 remanserint
740 835 781 861 vel
806 834 834 860 in
858 835 916 861 eius
941 835 1069 861 districtu
1093 835 1172 861 iuxta
1194 835 1339 867 marinam,
1365 837 1393 862 et
1416 835 1494 867 aliOS,
1519 836 1567 869 qui
1589 836 1619 862 in
1642 836 1740 863 castris
1765 838 1794 863 et
1813 836 1887 862 villis
1910 836 1990 862 iuxta

345 886 482 912 marinam
505 894 554 920 pro
578 885 739 911 habit-ancia
763 886 867 912 fuerint
891 895 978 920 usque
1001 887 1037 912 ad
1059 887 1174 912 Portum
1196 887 1321 918 Ueneris,
1346 887 1454 913 Pisanis
1477 887 1568 914 iurare
1593 890 1674 922 coget
1697 888 1732 914 ad
1756 890 1846 914 ostem
1869 890 1897 914 et
1913 887 1988 914 adiu-

346 938 449 964 torium
473 939 501 964 et
523 946 652 971 guerram
677 947 780 970 eorum,
811 940 839 964 et
862 947 918 964 non
941 939 1056 965 reddere
1080 939 1183 964 malum
1207 939 1337 965 meritum
1361 939 1409 971 eis,
1441 939 1526 966 etiam
1550 940 1573 965 si
1597 940 1770 967 solummodo
1793 948 1922 974 guerram
1946 939 1990 966 vel

345 990 455 1016 hostem
484 998 517 1015 ex
547 991 679 1023 precepto
707 990 813 1016 domini
840 986 926 1026 regis
950 990 1045 1016 Pisani
1067 990 1202 1017 fecerint&
1292 986 1341 1027 (9)
1369 991 1416 1017 Hii
1445 1000 1510 1018 vero
1539 994 1604 1018 sunt
1631 993 1679 1026 qui
1707 992 1759 1019 hoc
1783 992 1987 1018 sacramentum

346 1042 485 1068 fecerunt:
517 1036 592 1068 Otto
616 1037 835 1078 Frisingensis
861 1038 1044 1079 episcopus,
1076 1037 1242 1079 Dytherus
1266 1038 1443 1080 imperialis
1467 1040 1541 1070 aule
1567 1040 1790 1078 cancellarius,
1814 1038 1989 1070 Heinricus

346 1089 616 1130 prothonotarius.
642 1087 812 1119 Cunradus
837 1088 902 1119 dux
927 1089 966 1120 de
988 1089 1208 1128 Rotenburch⁷
1234 1089 1409 1121 Heinricus
1434 1090 1516 1121 filius
1540 1090 1688 1122 Heinrici
1711 1090 1872 1132 quondam
1898 1089 1989 1120 ducis

348 1140 501 1179 Saxonie,
531 1140 704 1171 Heinricus
734 1140 800 1170 dux
825 1141 968 1180 Austrie,
1000 1141 1176 1172 Heinricus
1207 1141 1349 1172 marchio
1381 1141 1420 1172 de
1449 1141 1661 1179 Romesberc,
1693 1153 1799 1173 comes
1825 1141 1989 1174 Ger-ardus

346 1191 385 1222 de.
414 1192 626 1231 Tullenstein,
660 1203 767 1223 comes
805 1192 969 1224 Gerardus
1001 1193 1040 1224 de
1068 1193 1245 1233 Bertheim,
1284 1194 1459 1226 Heinricus
1489 1195 1587 1226 Testa
1624 1195 1819 1226 marscalcus
1855 1195 1986 1236 legatus

346 1243 486 1283 Ythalie,
524 1244 696 1276 Heinricus
729 1246 926 1276 camerarius
957 1245 995 1276 de
1025 1245 1144 1284 Grouz,
1176 1246 1330 1277 Albertus
1365 1246 1595 1285 Rendesmule,
1626 1247 1799 1278 Heinricus
1824 1246 1863 1278 de
1887 1246 1989 1277 Lutra

347 1297 553 1334 camerarius,
578 1297 793 1338 Herdegenus
818 1297 983 1338 pincerna.

449 1349 517 1389 (10)
548 1354 607 1380 Hoc
632 1355 674 1379 est
698 1353 894 1385 iuramentum,
923 1354 998 1387 quod
1026 1349 1222 1380 Theodicius
1247 1353 1390 1391 potestas
1416 1350 1608 1381 pisanorum
1638 1355 1705 1382 fecit
1733 1356 1761 1381 et
1789 1355 1863 1388 quod
1886 1354 1991 1381 facient

346 1413 441 1430 omnes
466 1405 594 1431 consules
620 1411 678 1432 seu
702 1404 883 1442 potestates
900 1406 995 1432 Pisani
1020 1407 1047 1432 et
1065 1415 1210 1433 commune
1227 1406 1351 1432 civitatis
1368 1406 1480 1433 domino
1502 1402 1657 1433 Heinrico
1674 1402 1893 1433 Romanorum
1911 1403 1990 1443 regi,

345 1452 397 1492 qui
429 1452 521 1483 modo
551 1457 624 1483 sunt
649 1456 680 1483 ct
704 1453 743 1484 de
768 1457 875 1485 cetero
901 1459 1007 1485 erunt:
1055 1458 1095 1485 ‘ln
1118 1459 1231 1485 nomine
1254 1459 1375 1491 Domini,
1400 1468 1488 1486 amen.
1542 1458 1601 1493 Ego
1625 1454 1820 1485 Theodicius
1845 1457 1990 1496 potestas

345 1508 413 1540 iuro,
442 1509 516 1542 quod
543 1510 577 1535 ab
607 1510 659 1536 hac
689 1511 756 1537 hora
783 1511 899 1537 inantea
929 1511 1018 1537 fidelis
1047 1520 1093 1538 ero
1117 1511 1230 1538 domino
1254 1507 1409 1538 Heinrioo
1432 1507 1653 1537 Romanorum
1677 1507 1747 1547 regi
1775 1511 1847 1537 sicut
1871 1511 1904 1537 de
1928 1511 1987 1537 iure

344 1560 431 1586 debeo
455 1561 567 1587 domino
591 1564 619 1588 et
644 1559 712 1600 regi
735 1572 806 1595 meo,
831 1565 858 1589 et
882 1572 938 1589 non
961 1572 1008 1590 ero
1032 1564 1061 1589 in
1085 1564 1201 1590 consilio
1227 1564 1269 1590 vel
1294 1564 1377 1595 facto,
1402 1564 1477 1597 quod
1500 1564 1601 1598 perdat
1624 1563 1711 1589 vitam
1735 1572 1812 1589 suam
1838 1563 1882 1590 vel
1905 1572 1988 1590 mem-

344 1612 423 1638 brum
448 1613 491 1639 vel
515 1610 684 1648 imperium*

708 1624 795 1647 suum,
820 1618 847 1641 01
873 1615 974 1642 iuvabo
999 1625 1061 1642 eum
1085 1615 1206 1642 retinere
1231 1624 1361 1642 coronam
1385 1625 1463 1642 suam
1488 1617 1515 1641 et
1543 1615 1692 1649 imperium
1715 1617 1744 1641 et
1766 1615 1910 1647 honorem,
1934 1624 1989 1649 quo

345 1664 457 1699 navigio
481 1665 521 1691 ire
545 1668 643 1699 potero
668 1669 695 1693 et
720 1667 747 1693 in
771 1667 827 1693 illis
851 1668 933 1694 terris
957 1677 1010 1701 que
1035 1670 1099 1694 sunt
1123 1668 1202 1694 iuxta
1218 1668 1363 1699 marinam,
1388 1669 1417 1693 et
1437 1667 1605 1694 nominatim
1621 1667 1765 1693 civitatem
1781 1667 1910 1693 Pisanam
1927 1676 1989 1693 cum

344 1716 478 1742 comitatu
513 1727 561 1743 suo
595 1720 623 1744 ct
657 1719 786 1745 districtu
816 1722 913 1745 contra
938 1729 1033 1746 01111103
1061 1720 1200 1751 1101011103ς
1232 1722 1259 1746 01
1285 1720 1307 1745 31
1331 1720 1492 1754 perdiderit,
1516 1719 1618 1745 iuvabo
1642 1728 1705 1745 eum
1728 1728 1892 1753 recuperare
1915 1719 1990 1746 bona

344 1768 404 1794 fide.
450 1768 485 1794 Et.
508 1769 577 1799 iuro,
602 1770 675 1803 quod
699 1779 844 1797 commune
868 1772 1030 1798 Pisanorum
1054 1772 1137 1798 faciet
1162 1774 1250 1797 ostem
1275 1774 1302 1797 01
1327 1771 1535 1806 expeditionem
1562 1780 1611 1805 per
1634 1780 1710 1797 mare
1734 1780 1795 1797 cum
1819 1780 1869 1797 sua
1892 1771 1987 1803 forcia,

344 1822 493 1853 postquam
518 1817 603 1857 rogis
627 1822 765 1848 exercitus
790 1823 907 1849 intrabit
924 1824 1055 1857 Apuliam
1079 1825 1107 1849 et
1130 1823 1253 1850 movebit
1278 1833 1327 1857 per
1350 1824 1413 1850 illos
1435 1823 1577 1855 terminos,
1602 1823 1649 1856 qui
1666 1825 1731 1849 sunt
1747 1823 1777 1849 in
1793 1823 1897 1857 scripto
1914 1824 1988 1849 sacto

344 1871 418 1897 inter
443 1879 551 1908 regom
577 1875 603 1899 ot
628 1874 751 1902 Pisanos,
777 1878 803 1901 et
828 1875 880 1901 ibit
903 1875 937 1901 ad
962 1876 1115 1902 exercitum
1139 1872 1235 1912 1'OgiS‚
1260 1875 1454 1909 quantocicius
1471 1875 1583 1909 poterit,
1609 1875 1667 1902 sine
1683 1870 1811 1907 fraudc*,
1836 1877 1863 1901 et
1880 1875 1987 1900 iuvabit

344 1929 452 1960 regem
478 1925 656 1958 conquisitam
680 1926 811 1954 Siciliam.
836 1927 967 1961 Apuliam
992 1929 1018 1954 01
1043 1927 1199 1953 Calabriam
1225 1929 1253 1953 et
1276 1927 1465 1961 principatum
1482 1927 1583 1961 Capue,
1608 1936 1663 1960 quo
1687 1936 1736 1953 suo
1753 1927 1859 1960 poterit
1875 1927 1988 1961 navigio

345 1977 373 2000 ct
396 1975 425 2001 in
453 1976 508 2002 illis
537 1977 619 2002 terris
648 1987 700 2011 quc
725 1981 787 2004 30111
813 1979 891 2005 iuxta
915 1980 1059 2006 marinam.
1104 1979 1140 2005 Et
1163 1980 1186 2005 31
1210 1979 1349 2013 acquisita
1373 1979 1457 2006 suerit
1481 1979 1575 2005 Sicilia
1599 1979 1643 2005 vel
1666 1979 1768 2012 Apulia
1792 1979 1834 2005 vel
1859 1979 1988 2005 Calabria

2016 741 2040 758 10

2016 999 2039 1018 15

2015 1255 2041 1274 ¹20

2017 1517 2041 1536 25

2016 1776 2041 1793 :10

346 2027 386 2052 rel
411 2028 585 2062 prim-ipatus¹
609 2030 710 2063 (lapuc,
735 2030 871 2056 iuvabunt
894 2031 987 2057 Pisani
1011 2040 1073 2058 eum
1098 2031 1226 2061 retinere,
1251 2033 1279 2057 et
1303 2031 1325 2057 si
1349 2031 1509 2065 perdiderit,
1533 2039 1697 2065 recuperare
1721 2030 1793 2057 bona
1816 2031 1867 2057 fido
1888 2032 1985 2057 contra
2013 2034 2036 2052 35

345 2087 439 2104 <mines
464 2080 589 2106 homines
614 2083 642 2107 01,
666 2082 832 2108 nominatim
856 2084 952 2109 contra
977 2078 1183 2120 Tangl'odum
1209 2084 1250 2109 vel
1276 2092 1487 2116 quemcumque,
1511 2082 1559 2116 qui
1583 2082 1707 2116 aliquam
1729 2083 1828 2108 harum
1851 2084 1988 2108 terrarum

344 2131 452 2157 tenebit
482 2134 579 2158 contra
604 2134 789 2161 voluntatem·
806 2131 893 2171 regis
917 2130 1152 2167 Romanorum3
1181 2137 1209 2161 et
1234 2135 1325 2161 vivam
1354 2144 1485 2169 guerram
1513 2134 1618 2161 facient
1642 2136 1670 2160 et
1693 2143 1749 2160 non
1773 2134 1877 2161 facient-
1906 2134 1987 2160 finem

345 2192 434 2216 neque
458 2192 554 2217 pacem
579 2194 668 2218 neque
693 2188 820 2220 treugam
844 2196 934 2220 neque
962 2196 1091 2221 guerram
1116 2188 1290 2214 recredutam
1315 2197 1375 2213 cum
1400 2182 1572 2223 Tang1·ed0
1596 2186 1639 2212 vel
1669 2195 1731 2212 cum
1755 2186 1849 2220 aliquo
1873 2187 1987 2212 tenente

344 2234 467 2267 aliquam
499 2236 685 2269 predictarum
714 2240 851 2264 terrarum
876 2240 974 2265 contra
998 2239 1172 2265 voluntatem
1197 2235 1282 2276 regis
1306 2234 1526 2265 Romanorum
1554 2238 1659 2271 absque
1683 2238 1742 2264 eius
1765 2238 1907 2272 parabola.
1953 2237 1986 2263 Et

344 2286 412 2318 iuro,
441 2288 515 2320 quod
544 2288 643 2314 faciam
673 2289 763 2315 iurare
788 2290 902 2316 Pisanos
931 2291 1044 2324 propria
1071 2300 1154 2317 manu
1183 2291 1235 2317 hoc.
1265 2292 1470 2317 sam-amentum
1498 2290 1642 2317 fidelitatis
1666 2292 1694 2316 et
1724 2290 1808 2324 pacti,
1837 2289 1986 2316 secundum

345 2338 418 2370 quod
442 2339 568 2365 consules
593 2340 719 2368 consueti
743 2343 806 2367 suut
831 2342 921 2368 facere
936 2342 1036 2368 iurare
1059 2343 1193 2376 populum
1218 2342 1267 2367 31111
1292 2343 1447 2375 consulatu,
1472 2344 1499 2369 et
1523 2342 1598 2375 quod
1621 2341 1758 2367 iuvabunt
1779 2350 1840 2368 eum
1857 2342 1986 2373 retinere,

345 2391 373 2414 ct
397 2389 418 2415 si
443 2391 603 2423 perdiderit,
629 2400 792 2426 recuperare
816 2395 905 2419 totam
930 2394 1066 2420 marinam
1090 2394 1125 2419 ab
1148 2394 1263 2420 Arelato
1287 2404 1374 2428 usque
1398 2395 1433 2420 ad
1456 2395 1580 2421 Montem
1602 2393 1697 2420 Sancti
1713 2393 1822 2427 Angeli.
1860 2392 1896 2419 Et,
1912 2394 1986 2427 post-

345 2450 427 2473 quam
452 2442 590 2468 exercitus
614 2443 777 2469 Pis-anorum
802 2453 830 2470 se
854 2445 974 2471 moverit
996 2446 1031 2471 ad
1054 2445 1164 2471 hostem
1182 2448 1208 2471 01
1226 2446 1442 2479 expeditionem,
1466 2455 1522 2472 non
1539 2445 1715 2478 derelinquet
1732 2445 1884 2471 exercitum
1900 2440 1986 2481 regis

345 2487 572 2528 Romanorum,
596 2494 650 2520 nisi
675 2495 778 2521 iustum
795 2496 845 2523 Dei
869 2496 1099 2530 impedimentum
1123 2497 1321 2524 intercesserit.
1366 2498 1402 2524 Et
1418 2498 1487 2529 iuro,
1511 2498 1586 2531 quod
1602 2497 1770 2531 quicumque
1787 2497 1854 2523 civis
1871 2497 1987 2522 Pisanus

345 2544 448 2570 iurabit
473 2545 522 2571 sub
545 2554 607 2572 meo
632 2543 788 2584 regimine
812 2548 841 2574 in
866 2550 1039 2575 sacramento
1064 2549 1168 2583 populi,
1193 2550 1253 2583 ipse
1276 2549 1390 2582 iurabit,
1414 2550 1489 2583 quod
1511 2549 1602 2584 ipsam
1622 2549 1795 2580 fide-litatem,
1819 2558 1903 2582 quam
1923 2557 1985 2575 con-

345 2596 417 2622 30103
442 2603 500 2623 seu
524 2596 669 2634 potestas
694 2595 761 2636 regi
785 2599 887 2632 iurant,
919 2596 1002 2627 idem
1026 2610 1076 2634 per
1100 2610 1128 2627 se
1153 2601 1326 2633 obsei·vabit;
1356 2604 1384 2629 et
1408 2602 1509 2628 faciam
1533 2611 1596 2628 eum
1619 2601 1719 2634 iurare,
1745 2601 1819 2634 quod
1842 2595 1986 2634 pactum*.

344 2643 427 2683 quod
453 2648 526 2674 {ntor
549 2649 691 2676 dominum
715 2646 906 2678 IIeinricum
930 2647 1149 2678 Romanorum
1174 2659 1285 2689 regem
1311 2656 1339 2680 et
1362 2654 1477 2680 Pisanos
1502 2655 1552 2685 est,
1577 2653 1707 2679 similiter
1730 2652 1891 2678 observabit
1913 2652 1987 2679 bona

344 2699 397 2725 fide.
420 2701 524 2734 absque
550 2698 675 2728 fraude*.
722 2703 791 2729 Item
815 2703 884 2735 iuro,
907 2704 982 2737 quod
1005 2704 1028 2730 si
1052 2710 1108 2731 rex
1134 2706 1290 2739 preceperit
1314 2706 1431 2738 Pisanis,
1455 2706 1508 2740 ipsi
1532 2705 1637 2732 facient
1658 2713 1787 2739 guerram
1805 2704 1986 2731 lanuensibus

344 2753 371 2776 ct
395 2761 449 2777 non
475 2753 577 2779 facient
602 2763 699 2787 pacem
723 2755 765 2780 vel
791 2757 919 2789 treugam
943 2757 986 2782 vcl
1010 2757 1184 2783 recredutam
1214 2767 1343 2791 guerram
1367 2767 1429 2784 cum
1453 2758 1492 2784 eis
1516 2757 1575 2783 sinc
1599 2756 1734 2791 parabola
1758 2752 1843 2793 regis
1868 2751 1985 2782 Roma-

342 2808 467 2831 norum.
514 2804 545 2830 Et
572 2805 593 2830 si
618 2811 675 2831 rex
700 2807 864 2840 preceperit,
889 2808 981 2833 Pisani
1006 2809 1057 2834 hoc
1081 2818 1154 2834 anno
1180 2810 1292 2836 venient
1315 2811 1344 2836 in
1368 2810 1513 2837 obsidione
1537 2810 1623 2836 Ianue
1646 2818 1707 2835 cum
1724 2809 1811 2835 forcia
1827 2818 1875 2834 sua
1892 2817 1986 2834 mense
2015 2813 2025 2831 Ξ·

2014 2297 2039 2315 ⁴1»
