2205 3072
308 176 368 204 644
550 171 617 196 LEX
639 170 812 196 FAMILIAE
834 168 1113 194 WORMATIENSIS
1134 167 1335 194 ECCLESIAE.
1373 168 1549 194 1023-—1025.
1587 168 1704 194 Nr.438.

310 260 368 289 nisi
394 258 477 300 quod
504 256 706 293 insidiantur,
731 256 852 286 corium
878 259 910 286 et
934 255 1068 297 capillos
1093 255 1241 285 amittant
1265 255 1333 285 sine
1356 254 1586 285 combustione.
1629 253 1663 284 Si
1683 257 1791 285 autem
1809 255 1950 296 aliquem

310 311 436 340 illorum
462 308 682 339 interfecerint
707 308 774 337 sive
799 307 1041 337 vulneraverint
1065 317 1123 348 per
1148 309 1379 347 contemptum,
1406 306 1526 336 corium
1550 309 1582 336 et
1600 305 1733 347 capillos
1751 307 1900 337 amittant
1919 310 1951 337 et

310 360 524 402 supradictam
549 358 804 389 combustionem
839 359 1013 400 patiantur.
1060 358 1094 388 Si
1119 362 1228 388 autem
1253 358 1375 388 occisor
1406 357 1569 397 aufugerit
1592 360 1624 387 et
1648 357 1719 398 capi
1744 367 1807 387 non
1832 360 1949 398 potest,

311 412 460 453 quicquid
480 411 579 441 habet
596 410 634 440 ad
657 409 792 440 fiscumk
811 410 984 450 redigatur,
1010 412 1042 440 et
1058 409 1194 450 proximi
1212 409 1292 444 eius,
1318 409 1344 439 si
1362 408 1576 450 inculpabiles
1593 411 1676 445 sunt,
1700 408 1823 439 firmam
1840 419 1952 449 pacem

309 464 458 494 habeant.
506 462 538 492 Si
564 465 671 492 autem
698 461 859 492 homicida
883 472 945 491 non
970 461 1142 501 aufugerit,
1168 460 1224 491 sed
1250 471 1320 491 cum
1345 461 1492 502 proximo
1510 460 1606 490 occisi
1625 470 1714 490 suam
1733 460 1950 490 innocentiam

309 525 366 556 per
389 514 531 544 duellum
556 512 747 543 defendere¹
774 513 909 543 voluerit
925 516 957 543 et
975 512 1095 549 vicerit,
1121 511 1358 552 weregeldumc
1383 512 1497 542 reddat
1513 514 1545 541 et
1563 522 1634 542 cum
1660 512 1814 552 proximis
1838 522 1951 552 pacem

308 566 441 596 faciatm.
488 565 520 595 Si
546 567 654 594 autem
678 564 785 594 nullus
818 564 915 594 occisi
947 564 1166 604 proximorum
1192 574 1262 593 cum
1289 564 1431 594 occisore
1455 574 1602 604 pugnare
1626 563 1796 599 volueritn,
1821 563 1891 604 ipse
1917 573 1951 593 se

308 617 455 647 bullienti
483 626 567 656 aqua
598 615 754 645 adversus
785 616 973 656 episcopum
1010 619 1169 656 expurget
1200 618 1232 645 et
1264 614 1499 655 weregeldumc
1530 614 1642 644 reddat
1674 618 1706 644 et
1736 624 1848 655 pacem
1883 625 1953 644 cum

309 669 463 710 proximis
486 668 594 702 faciat,
620 671 652 697 et
676 667 736 708 ipsi
762 670 919 707 cogantur
942 670 976 697 ut
1000 667 1170 708 accipiant.
1217 666 1249 696 Si
1275 670 1380 696 autem
1407 670 1539 707 propter
1562 666 1707 696 timorem
1726 665 1817 695 istius
1835 666 1953 695 consti-

309 721 443 751 tutionis
470 719 590 749 vaduut
613 719 652 749 ad
679 719 817 748 alienam
843 718 998 748 familiam
1023 722 1055 748 et
1080 718 1254 748 incendunt
1279 729 1350 748 eain
1369 722 1480 748 contra
1503 718 1650 758 proprios
1673 717 1845 751 consotios.
1870 720 1902 746 et
1926 717 1952 747 si

309 782 369 802 non
400 774 450 801 est
482 771 597 812 aliquis
630 771 682 812 qui
715 774 827 800 contra
859 771 998 811 aliquem
1032 770 1158 800 illorum
1190 770 1296 800 duello
1328 780 1472 811 pugnare
1502 769 1630 804 audeat,
1664 769 1780 809 singuli
1806 768 1954 799 bullienti

309 834 392 864 aqua
418 822 573 853 adversus
599 823 783 863 episcopum
810 832 845 851 se
873 825 1066 863 expurgent„
1091 825 1123 851 et
1148 822 1173 852 si
1199 822 1268 862 quis
1286 822 1390 852 victus
1416 822 1522 859 fuerit,
1547 832 1586 851 ea
1602 821 1821 862 patiaturque
1841 830 1954 861 super-

309 875 448 915 scriptaO
473 878 556 906 sunt.
603 874 636 905 Si
668 875 738 915 quis
773 878 881 904 autem
916 879 978 903 exl'
1003 873 1125 904 familia
1149 874 1203 904 in‘1
1228 874 1358 904 civitate
1384 873 1452 903 sine
1484 872 1678 914 supradictis
1703 872 1953 902 necessitatibus

308 926 446 966 aliquem
470 936 510 956 cx
536 925 656 955 familia
682 925 891 960 interfecerit,
917 926 1035 955 corium
1061 928 1093 955 et
1117 926 1251 966 capillos
1275 925 1390 966 perdat
1407 928 1439 955 et
1456 924 1713 955 combustionem
1733 923 1953 964 suprascripto

309 977 420 1007 modo'
451 977 592 1018 patiatur
622 979 654 1006 ct
683 976 823 1006 bannum
854 977 1019 1017 persolvat
1050 979 1081 1006 et
1105 976 1341 1016 weregeldumc
1367 975 1481 1006 reddat
1505 979 1537 1005 et
1561 985 1673 1016 pacem
1699 985 1769 1005 cum
1796 975 1951 1015 proximis

309 1030 414 1065 faciat„
448 1033 479 1059 et
503 1029 547 1058 illi
579 1028 841 1069 constringantur
870 1033 905 1057 ut
930 1028 1102 1068 accipiant.
1150 1027 1183 1057 Si
1207 1031 1316 1057 autem
1345 1027 1460 1067 aliquis
1484 1026 1524 1057 de
1550 1027 1657 1057 aliena
1687 1026 1810 1056 familia
1834 1029 1952 1056 terram

309 1081 411 1110 sancti
446 1080 533 1110 Petri
564 1080 665 1110 coletS
695 1083 727 1110 et
758 1079 822 1109 tale
855 1082 1078 1120 presumptum
1111 1079 1234 1115 fecerit,
1266 1078 1298 1109 id
1329 1082 1389 1115 est,
1421 1079 1446 1108 si
1472 1078 1611 1119 aliquem
1637 1088 1677 1107 ex
1702 1080 1810 1107 nostra
1833 1077 1954 1107 familia

309 1132 376 1162 sine
411 1132 605 1162 necessitate
638 1132 699 1161 iam
734 1131 953 1172 suprascripta
983 1130 1192 1169 interfecerit,
1222 1134 1277 1160 aut
1307 1131 1369 1161 ista
1398 1140 1494 1171 supra
1518 1133 1696 1159 memorata
1720 1129 1861 1170 patiatur
1884 1129 1953 1158 autt

308 1187 449 1213 nostram
483 1184 617 1213 terramt
652 1182 777 1224 perdat,
813 1186 846 1212 et
878 1182 998 1212 familie
1031 1186 1062 1212 et
1097 1181 1267 1212 advocati¹¹
1300 1181 1434 1212 insidias
1465 1181 1593 1211 habeat.
1647 1181 1680 1211 Si
1709 1184 1816 1210 autem
1847 1183 1956 1210 noster

308 1236 453 1270 servitor.
478 1235 529 1275 qui
550 1235 579 1265 in
598 1239 706 1264 nostra
724 1237 812 1264 curte
830 1237 889 1268 est,
915 1236 970 1263 aut
989 1236 1099 1263 noster
1116 1234 1335 1263 ministerialis
1353 1233 1428 1264 talia
1448 1233 1563 1264 audetV
1581 1242 1779 1273 presumere,
1798 1232 1954 1267 volumus.

308 1290 343 1315 ut
367 1286 425 1316 hoc.
450 1287 491 1316 sit
514 1287 545 1316 in
571 1290 680 1316 nostra
704 1288 865 1326 potestate
891 1288 923 1315 et
948 1285 1082 1315 consilio
1107 1289 1291 1315 nostrorum
1315 1284 1468 1321 fidelium.
1494 1284 1632 1325 qualiter
1657 1284 1727 1314 talis
1753 1283 1954 1324 presumptio

309 1337 501 1368 vindicetur.

412 1390 460 1419 31.
495 1389 528 1419 Si
560 1388 630 1429 quis
664 1399 704 1418 ex
737 1388 858 1418 familia
889 1387 1091 1417 contenderit
1120 1398 1191 1417 cum
1222 1388 1304 1418 sotio
1334 1399 1390 1418 suo
1421 1387 1459 1418 de
1489 1398 1553 1418 una
1583 1387 1727 1428 qualibet
1751 1397 1795 1423 re,
1827 1387 1894 1416 sive
1919 1385 1957 1416 de

311 1441 395 1480 agris
420 1441 487 1470 sive
512 1440 550 1470 de
576 1440 678 1469 vineis
704 1440 772 1469 sive
798 1439 837 1469 dc
863 1439 1030 1480 mancipiis
1056 1439 1124 1469 sive
1149 1439 1188 1469 de
1213 1440 1361 1480 pecunia,
1387 1440 1412 1469 si
1439 1442 1545 1481 potest
1563 1450 1604 1469 ex
1621 1443 1756 1479 utraque
1774 1441 1865 1479 parte
1883 1448 1953 1467 cum

312 1492 504 1521 testimoniis
528 1495 737 1531 utrorumque
762 1491 828 1521 sine
860 1493 1039 1521 iuramento
1064 1490 1213 1527 discerni,
1246 1491 1432 1523 laudamus:
1466 1491 1513 1521 sin
1538 1494 1657 1525 autem,
1687 1494 1748 1520 utw
1773 1489 1957 1520 devitentur

312 1544 461 1584 periuria,
487 1544 642 1579 volumus.
668 1547 701 1573 ut
727 1553 767 1573 ex
792 1546 927 1582 utraque
952 1546 1042 1583 parte
1067 1542 1278 1573 ostendantur
1301 1543 1429 1572 illorum
1456 1542 1677 1577 testimoniax,
1709 1545 1740 1572 et
1765 1541 1808 1571 ita
1833 1541 1954 1571 collau-

311 1594 405 1624 denty
431 1598 543 1630 testes,
569 1595 658 1636 quasi
684 1598 809 1635 gratum
835 1594 992 1626 habeant:
1019 1597 1051 1623 et
1075 1605 1115 1624 ex
1141 1594 1333 1635 supradictis
1358 1594 1484 1624 duobus
1503 1594 1693 1624 testimoniis
1711 1593 1773 1623 duo
1793 1593 1955 1632 eligantur

312 1646 350 1675 ad
376 1657 517 1686 pugnam
543 1650 575 1676 et
600 1657 671 1676 cum
696 1646 804 1676 duello
831 1646 919 1675 litem
945 1645 1137 1681 deccrnant;
1163 1650 1194 1675 ct
1219 1646 1310 1675 cuius
1329 1646 1473 1686 campioZ
1498 1644 1661 1681 ceciderit,
1685 1644 1811 1685 perdat,
1837 1644 1955 1674 eteius

312 1698 529 1727 testiinonium
556 1697 634 1727 talia
660 1698 800 1739 patiatur
825 1700 956 1738 propter
980 1697 1094 1727 falsum
1119 1698 1348 1735 testimonium,
1374 1697 1463 1738 quasi
1489 1697 1627 1727 iuratum
1653 1695 1816 1727 haberet&

415 1750 465 1780 32.
491 1748 524 1778 Si
549 1749 618 1789 quis
645 1759 685 1779 ex
710 1748 830 1778 familia
854 1748 973 1778 furtum
992 1748 1114 1783 fecerit.
1140 1752 1171 1778 et
1188 1748 1248 1779 hoc
1266 1759 1328 1778 non
1346 1758 1403 1789 pro
1421 1748 1618 1778 necessitate
1635 1747 1728 1776 famis
1748 1746 1805 1777 sed
1823 1749 1954 1787 propter

313 1800 479 1830 avaritiam
512 1804 545 1830 et
578 1800 789 1841 cupiditatem
824 1804 856 1830 ct
887 1803 1018 1841 propter
1048 1800 1314 1830 consuetudinem
1346 1800 1432 1835 fecit,
1464 1803 1496 1829 et
1521 1799 1604 1839 quod
1635 1798 1778 1828 furatqu
1803 1801 1852 1828 est
1877 1798 1901 1827 si
1928 1797 1956 1827 V

312 1851 422 1881 solidis
447 1852 626 1893 appreciari
651 1855 768 1892 potest,
801 1856 832 1882 et
857 1852 1001 1893 superari
1028 1854 1144 1892 potest,
1178 1851 1263 1892 quod
1287 1855 1343 1882 aut
1366 1852 1397 1881 in
1423 1851 1559 1881 macello
1590 1850 1719 1891 publico
1745 1853 1799 1879 aut
1824 1849 1855 1879 in
1879 1858 1955 1879 con-

312 1908 409 1933 ventu
435 1904 614 1933 concivium
639 1903 779 1933 debitori
805 1903 951 1933 vadiatus
977 1903 1019 1933 sit
1044 1913 1141 1944 supra
1159 1903 1281 1934 dictum
1307 1904 1436 1938 furtum.
1462 1902 1501 1933 ad
1519 1902 1774 1943 correptionemc
1799 1901 1955 1931 malorum

314 1956 549 1991 constituimus.
574 1959 609 1984 ut
634 1955 739 1995 legem
764 1955 823 1985 sibi
848 1955 1011 1985 innatam‘¹
1036 1959 1168 1996 propter
1192 1955 1311 1985 furtum
1336 1954 1494 1996 perditam
1520 1954 1648 1991 habeat,
1678 1956 1709 1982 et
1733 1953 1758 1982 si
1783 1952 1823 1983 ab
1847 1951 1955 1992 aliquo

311 2006 351 2036 de.
376 2007 483 2047 aliqua
509 2017 541 2036 rc
566 2007 748 2047 inculpatus
774 2007 879 2040 fucrit.
906 2017 967 2037 non
993 2017 1026 2037 se
1052 2009 1213 2047 expurget
1238 2007 1429 2042 iuramento,
1456 2006 1513 2036 sed
1537 2009 1592 2036 aut
1609 2005 1715 2035 duello
1734 2008 1789 2034 aut
1807 2003 1953 2033 bullienti

312 2068 394 2098 aqua
418 2062 472 2087 aut
496 2058 632 2088 ferventi
657 2058 751 2088 ferro.
799 2058 956 2088 Similiter
980 2058 1077 2088 faciat
1101 2058 1155 2088 illc
1180 2057 1233 2098 qui
1258 2058 1288 2087 in
1313 2058 1456 2099 periurio
1476 2057 1604 2098 publico
1624 2060 1735 2097 captus
1752 2059 1812 2085 est.
1861 2054 1955 2084 Simi-

312 2110 384 2139 liter
408 2113 439 2138 et
464 2110 515 2139 ille
540 2110 591 2149 qui
617 2110 647 2139 in
673 2110 754 2139 falso
780 2110 964 2139 testimonio
991 2113 1104 2150 captus
1130 2113 1189 2140 est.
1236 2109 1393 2139 Similiter
1417 2112 1449 2139 ct
1472 2109 1526 2139 ille
1551 2109 1604 2149 qui
1635 2111 1766 2149 propter
1791 2107 1954 2137 infamiam

312 2161 385 2190 furti
412 2161 442 2190 in
468 2160 574 2190 duello
599 2160 763 2193 ceciderit.
811 2161 967 2191 Similiter
992 2165 1025 2191 et
1049 2161 1102 2191 ille
1128 2161 1179 2202 qui
1205 2164 1315 2190 contra
1339 2161 1500 2191 seniorem
1523 2170 1626 2195 suum,
1652 2160 1840 2200 episcopum
1865 2157 1955 2187 vide-

312 2212 396 2247 licet,
432 2222 502 2241 cum
536 2212 600 2241 suis
630 2212 767 2242 inimicis
799 2212 986 2242 consiliatus
1015 2216 1073 2246 est,
1112 2212 1179 2242 sive
1210 2216 1323 2242 contra
1353 2213 1422 2242 eius
1455 2212 1610 2242 honorem
1644 2211 1711 2241 sive
1743 2214 1854 2240 contra
1885 2210 1955 2239 eius

313 2265 462 2294 salutem.

414 2356 478 2382 438.
504 2356 528 2389 k)
548 2359 640 2382 festum
659 2358 682 2382 4.
771 2358 788 2386 ¹)
809 2360 916 2383 vendere
936 2357 959 2383 3.
978 2358 1001 2382 4.
1107 2360 1138 2388 ¹¹¹)
1159 2359 1235 2383 faciat
1254 2367 1342 2391 paceni
1361 2358 1384 2383 2.
1405 2358 1428 2382 4.
1526 2359 1551 2389 ¹¹)
1571 2358 1681 2382 nolucrit
1699 2356 1722 2381 2.
1742 2356 1764 2380 3.
1854 2357 1877 2386 0)
1898 2356 1956 2380 sub>

311 2402 403 2432 scripta
424 2401 447 2425 53.
467 2400 491 2425 4.
579 2404 602 2429 Pl
624 2402 648 2425 in
673 2402 691 2426 l,
781 2402 805 2431 (1)
825 2411 855 2426 ex
876 2403 897 2426 1.
986 2404 1006 2431 r)
1026 2411 1093 2426 inore
1115 2402 1136 2426 l.
1225 2407 1244 2429 Ξ)
1263 2403 1329 2426 colat
1349 2402 1376 2426 S.
1470 2402 1488 2427 ι)
1508 2393 1602 2425 andins
1621 2401 1667 2423 tria
1685 2399 1711 2428 12
1732 2404 1776 2423 aut
1796 2404 1907 2423 nostram
1926 2399 1956 2428 ’.ἐς

311 2448 354 2468 aut
380 2448 464 2467 nostra
489 2444 511 2467 3.
536 2443 562 2470 4:
592 2450 682 2468 terrani
709 2445 757 2467 iam
784 2449 846 2468 recte
870 2445 953 2476 suppl.
979 2445 1102 2476 Gru-‘slew
1131 2447 1310 2477 protectionem
1337 2445 1419 2476 suppl.
1445 2445 1468 2468 J.
1496 2444 1606 2468 Grimm:
1638 2443 1747 2475 gratiani
1773 2442 1856 2473 suppl.
1880 2442 1955 2465 Boos.

311 2491 336 2511 u)
357 2488 416 2511 fain.
441 2491 464 2511 et
490 2488 547 2511 adv.
567 2488 619 2511 alia
640 2497 730 2511 manus
749 2489 830 2519 suppl.
856 2488 874 2511 l.
981 2489 1004 2514 γ’)
1024 2489 1115 2512 audeat
1135 2490 1166 2513 25:
1199 2489 1274 2512 hahet
1297 2487 1321 2512 3.
1341 2487 1364 2511 4.
1470 2491 1499 2510 w,
1519 2487 1552 2510 ud
1574 2488 1593 2510 1.
1699 2489 1723 2512 x)
1742 2485 1913 2509 testimonium
1934 2484 1956 2508 1.

311 2532 334 2557 θ’)
353 2530 501 2553 Cflsssslldffllt
520 2529 542 2553 3·
562 2529 586 2553 4-
674 2536 695 2559 Ζ)
715 2532 812 2563 campio
832 2530 854 2555 4,
945 2531 968 2556 a')
988 2532 1083 2555 habent
1103 2531 1125 2555 3,
1146 2531 1170 2555 4.
1258 2531 1281 2559 b)
1302 2532 1401 2555 iuratus
1422 2530 1444 2553 l.
1533 2529 1555 2557 0)
1575 2529 1755 2553 correctionem
1775 2527 1797 2552 ἰ).
1872 2526 1897 2557 d)
1917 2527 1953 2551 in-

311 2574 402 2596 iuriam
422 2572 444 2596 4.

1983 727 2006 744 10

1982 983 2004 1001 15

1983 1241 2008 1258 20

1984 1499 2007 1517 25

1983 1756 2007 1773 31]

1982 2013 2007 2031 35

1982 2269 2008 2287 40

1982 2533 2006 2551 45
