2205 3072
327 184 388 212 604
412 164 418 170 ’
612 179 681 204 PAX
701 178 863 204 SlGIWINI
884 175 1157 202 ARCHIEPISOOPl
1177 174 1423 201 COLONIENSIS.
1460 175 1535 201 1083.
1572 175 1691 201 N1-.424.

328 267 435 303 faciat,
460 276 555 296 nemo
581 266 664 296 fuste
689 268 720 295 et
743 263 850 305 gladio
875 266 930 294 aut
954 263 1060 304 aliquo
1085 272 1245 292 armorum
1269 272 1390 301 genere
1415 271 1610 302 quemquam
1634 261 1730 298 ledat,
1762 265 1794 292 et
1817 264 1851 291 ut
1876 272 1970 292 nemo

330 318 502 359 quamvis¹¹¹
527 318 622 358 eulpa
646 316 807 347 faidosusu
831 315 870 346 ab
895 315 1035 346 adventu
1057 314 1187 344 Domini
1211 323 1313 354 usque
1337 313 1369 343 iu
1394 315 1526 343 octavas
1551 312 1739 354 epiphaniae
1759 315 1826 343 eta
1841 316 1971 354 septua-

327 370 450 410 gesima
482 379 584 409 usque
619 369 650 398 in
683 371 814 398 octavas
843 370 1049 408 pentecostes
1088 365 1202 395 tollere
1240 367 1404 406 presumat
1433 375 1532 402 arma,
1569 368 1705 402 scutum,
1741 364 1885 404 gladium
1917 368 1972 395 aut

327 422 473 451 lanceam
498 420 549 451 vel
575 420 804 459 cuiuscumque
828 428 959 459 prorsus
984 420 1167 448 armaturae
1193 417 1363 446 sarcinam.

431 473 458 502 3.
483 472 520 502 In
545 471 676 512 reliquis
702 480 776 500 vero
801 469 925 507 diebus,
951 469 982 499 id
1007 472 1056 499 est
1080 469 1111 498 in
1129 468 1297 498 dominicis
1323 471 1355 498 et
1372 467 1444 497 VL0
1469 467 1558 497 feriis
1581 467 1731 508 omnique
1749 467 1970 508 apostolorum

330 523 440 564 vigilia
465 534 536 553 cum
561 523 612 553 die
638 523 814 553 subsecuta
838 524 870 552 et
894 521 979 551 omni
1003 520 1055 551 die
1080 520 1120 551 ad
1144 519 1353 550 ieiunandum
1372 519 1423 549 vel
1448 518 1630 549 feriandum
1654 521 1776 549 statuta
1795 518 1844 548 vel
1870 522 1971 548 statu-

329 574 424 613 enda,
456 584 545 605 arma.
575 574 638 604 illis
669 574 754 604 ferre
785 573 904 611 licebit,
936 583 975 603 ea
1005 576 1112 603 tamen
1137 571 1340 602 conditione¹¹
1368 575 1403 601 ut
1426 571 1505 601 nulli
1530 570 1673 611 quolibet
1697 570 1792 601 modo
1817 570 1972 601 lesionem

328 626 478 657 inferant.

431 679 460 707 4.
493 676 526 707 Si
559 687 695 707 neeesse
727 676 826 706 fuerit
854 676 950 706 alicui
980 674 1083 705 infraq
1114 674 1258 715 spacium
1293 673 1459 703 conditae¹
1488 673 1602 714 pacisss,
1636 672 1666 703 id
1691 676 1741 703 est
1766 673 1805 704 ab
1831 673 1972 704 adventu

327 728 458 759 Domini
483 739 585 769 usque
609 728 649 758 ad
674 731 805 758 octavas
831 726 1032 768 epyphaniae
1058 733 1090 756 et
1114 737 1132 756 a
1156 725 1398 766 septuagesima
1415 735 1516 765 usque
1534 724 1589 754 adt
1605 728 1736 755 octavas
1754 728 1971 766 pentecostes,

327 781 416 810 exire
442 780 481 810 de
506 784 614 810 nostro
640 779 828 820 episcopatu
852 779 884 808 in
908 779 1005 808 alium
1030 788 1092 818 quo
1117 778 1179 807 ista
1203 787 1267 817 pax
1292 787 1355 806 non
1380 779 1539 811 teneturu,
1568 786 1656 806 arma
1680 776 1771 816 ferat,
1797 777 1841 807 ita
1865 780 1973 807 tamen

329 843 368 862 ne
400 832 494 862 alicui
523 834 648 867 noceat,
680 831 759 861 nisiV
783 831 1014 872 inpugneturW,
1043 833 1078 860 ut
1107 840 1141 859 se
1166 828 1328 859 defendat.
1376 828 1539 858 Reversus
1565 830 1672 858 autem
1697 828 1728 857 in
1753 827 1975 869 episcopatum

328 887 482 921 nostrum,
508 883 615 913 statim
641 893 730 912 arma
754 882 903 923 deponat.

432 938 460 966 5.
485 934 519 965 Si
545 934 719 975 contigerit
743 936 798 963 utX
823 933 942 963 debeat
966 932 1108 963 obsideri
1133 931 1301 961 castellum
1326 930 1486 971 aliquody,
1510 941 1568 971 per
1592 930 1659 960 dies
1676 930 1729 971 qui
1754 930 1836 961 infra
1861 941 1974 972 pacem

329 987 552 1028 comprehensi
578 993 652 1016 sunt
675 985 715 1015 ab
741 985 983 1026 impugnatione
1009 987 1148 1021 cessent,
1172 983 1233 1013 nisi
1259 983 1299 1013 ab
1325 982 1469 1013 obsessis
1494 982 1724 1023 impugnentur
1742 985 1774 1012 et
1791 993 1973 1024 repugnare

329 1042 495 1079 cogantur.

432 1092 461 1120 6.
487 1089 528 1119 Et
553 1100 592 1119 ne
617 1089 697 1119 haec
723 1089 811 1130 pacis
837 1092 959 1119 statuta
983 1087 1113 1117 traditio
1138 1097 1157 1117 a
1179 1086 1292 1127 quavis
1310 1096 1448 1127 persona
1465 1089 1587 1116 temere
1604 1088 1654 1116 etS
1679 1085 1809 1126 impune
1828 1086 1976 1122 violetur,

330 1141 515 1172 huiusmodi
546 1140 755 1171 violatoribus
786 1141 817 1170 in
847 1149 1016 1170 commune
1045 1139 1086 1169 ab
1111 1138 1260 1169 omnibus
1290 1142 1340 1168 cst
1370 1138 1506 1168 dietataz
1537 1138 1715 1168 sententia:
1752 1136 1784 1167 Si
1816 1138 1898 1168 liber
1926 1138 1977 1168 vel

329 1194 445 1224 nobilis
480 1203 550 1223 eam
583 1193 760 1229 violaverit,
790 1191 821 1222 id
853 1195 924 1222 est²
953 1191 998 1221 sib
1033 1189 1239 1220 homicidium
1275 1190 1391 1220 feeerit
1422 1192 1477 1219 aut
1506 1189 1646 1229 aliquem
1677 1189 1896 1219 vulneraverit
1926 1190 1975 1220 vel

329 1245 472 1286 quolibet
504 1245 567 1275 alio
598 1243 692 1274 modo
721 1243 941 1276 defectaverit.
977 1242 1099 1283 absque
1125 1242 1210 1271 omni
1243 1245 1428 1282 sumptuum
1458 1244 1513 1270 aut
1537 1241 1710 1270 amicorum
1736 1241 1975 1271 interventione

328 1308 346 1326 a
371 1297 488 1327 finibus
514 1296 685 1326 confinium
711 1305 841 1325 suorum
867 1294 1051 1335 expellatur
1076 1297 1244 1334 totumque
1272 1292 1443 1333 praedium
1470 1292 1538 1322 eius
1564 1292 1700 1322 heredes
1719 1292 1766 1322 sui
1793 1292 1924 1323 tollant:
1947 1295 1979 1322 et

329 1349 355 1378 si
380 1348 572 1378 beneficium
598 1347 719 1381 habuit.
746 1347 894 1377 dominus
919 1345 958 1376 ad
984 1356 1078 1386 quem
1103 1345 1247 1386 pertinet
1264 1344 1343 1374 illud
1362 1344 1507 1385 recipiat.
1548 1344 1580 1373 δί
1599 1354 1673 1374 vero
1692 1343 1830 1374 heredes
1848 1343 1976 1384 aliquod

329 1400 385 1438 illi,
419 1402 590 1440 postquam
622 1398 778 1439 expulsus
811 1398 918 1433 fuerit,
952 1397 1210 1427 sustentaculum
1235 1396 1286 1426 vel
1312 1396 1463 1426 solatium
1488 1395 1687 1436 impendisse
1713 1395 1834 1425 inventi
1859 1395 1978 1425 fuerint

330 1455 361 1481 et
386 1451 529 1485 convicti.
556 1449 702 1491 predium
729 1450 791 1480 illis
816 1449 1000 1479 auferatur⁰
1026 1453 1057 1479 ct
1084 1449 1194 1489 regiae
1219 1447 1331 1478 ditioni
1357 1447 1569 1488 mancipetur.
1617 1446 1709 1481 Quod
1735 1447 1761 1477 si
1784 1458 1818 1477 se
1837 1457 1977 1487 purgare

330 1503 370 1533 de
395 1503 530 1532 obiectis
556 1502 724 1539 voluerint,
750 1512 822 1531 cum
847 1501 924 1539 XII,
949 1501 1002 1541 qui
1029 1510 1111 1540 eque
1136 1499 1263 1530 nobiles
1288 1499 1338 1529 vel
1364 1509 1445 1540 eque
1470 1498 1564 1529 liberi
1590 1499 1719 1535 fuerint,
1745 1498 1859 1529 iurent.

434 1556 461 1584 7.
494 1554 527 1584 δί
557 1564 670 1583 servus
702 1553 858 1583 occiderit
890 1552 1065 1587 hominem.
1098 1552 1290 1583 decolletur:
1324 1551 1349 1581 si
1381 1551 1609 1587 vulneraverit,
1642 1560 1738 1580 manu
1763 1550 1927 1591 puniatur:
1952 1551 1978 1580 si

330 1606 393 1636 alio
423 1605 515 1635 modo
540 1605 591 1635 vel
621 1615 728 1646 pugno
761 1605 828 1635 sive
860 1604 943 1634 fuste
973 1604 1024 1634 vel
1055 1603 1162 1644 lapide
1192 1602 1402 1644 percutiendo
1433 1602 1655 1635 defectaverit,
1688 1601 1903 1631 detondeatur
1927 1600 1979 1631 et‘¹

331 1658 524 1688 excorietur.
571 1656 605 1687 Si
631 1660 738 1686 autem
765 1656 816 1686 cui
840 1656 1052 1697 imputabitur
1075 1656 1279 1691 forefactum,
1305 1654 1491 1695 negaverite
1517 1652 1585 1695 [et]
1602 1652 1654 1683 sef
1677 1653 1880 1683 innocentem
1905 1664 1978 1694 pro·

330 1709 407 1739 bare
437 1708 581 1745 voluerit,
614 1707 732 1737 iudicio
765 1718 867 1748 aquae
900 1707 1036 1748 frigidae
1068 1717 1101 1737 se
1135 1710 1305 1747 expurget.
1338 1707 1381 1735 ita
1411 1708 1520 1736 tamen
1551 1709 1585 1735 ut
1614 1704 1683 1746 ipse
1708 1708 1740 1734 et
1764 1704 1870 1734 nullus
1894 1705 1977 1734 alius

330 1771 386 1802 pro
421 1771 458 1791 eo
492 1760 522 1790 in
556 1769 673 1800 aquam
710 1759 862 1789 mittatur.
918 1759 951 1789 Si
987 1762 1095 1789 autem
1126 1758 1243 1788 timens
1269 1757 1454 1794 vindictam,
1486 1749 1568 1798 quae
1595 1757 1626 1786 in
1651 1766 1723 1786 eum
1749 1756 1892 1786 dictatass
1918 1758 1976 1791 est,

335 1812 509 1852 aufugerit,
534 1814 713 1852 perpetuae
739 1810 1066 1841 excommunicationi
1093 1809 1276 1840 subiacebit
1301 1813 1333 1839 ct
1358 1809 1387 1839 in
1414 1819 1614 1849 quocumque
1638 1808 1708 1838 loco
1725 1807 1853 1837 auditus
1871 1807 1978 1841 fuerit.

335 1864 502 1894 mittantur
533 1864 608 1893 illuc
638 1863 777 1897 litterae,
810 1872 867 1903 per
897 1872 977 1903 quas
1002 1861 1215 1892 denuncietur
1248 1861 1405 1897 omnibus,
1442 1860 1525 1901 quod
1551 1859 1849 1890 excommunicatus
1875 1862 1924 1889 est
1948 1861 1980 1888 et

332 1915 416 1956 quod
441 1926 512 1945 cum
538 1925 575 1945 eo
601 1914 841 1944 communicare
866 1913 944 1943 nulli
970 1913 1093 1943 licitum
1119 1916 1178 1943 cst.

435 1967 464 1997 8.
488 1966 559 1996 Non
585 1965 682 1996 debet
707 1966 868 1995 truncatio
893 1975 1046 1995 manuum
1071 1965 1102 1994 in
1128 1964 1236 2005 pueris
1260 1964 1327 1994 fieri
1353 1963 1405 2004 qui
1424 1962 1565 1993 nondum
1582 1962 1648 1993 XII
1672 1972 1828 1992 annorum
1855 1965 1976 1992 etatem

332 2017 566 2058 impleveriuth,
593 2017 650 2047 sed
675 2018 704 2047 in
730 2018 793 2047 illis
817 2018 869 2058 qui
889 2016 927 2047 ab
952 2016 1024 2046 haci
1049 2019 1147 2054 etate,
1172 2016 1202 2045 id
1222 2019 1271 2045 est
1293 2015 1331 2045 ak
1357 2014 1421 2045 XII
1446 2015 1548 2050 annis,
1574 2014 1613 2044 ad
1638 2014 1790 2044 maiorem
1816 2024 1974 2054 pervene-

334 2069 431 2099 runt¹.
478 2069 575 2099 Pueri
600 2072 709 2099 tamen
734 2069 759 2099 si
785 2068 1011 2110 pugnaverint,
1037 2067 1224 2097 verberibus
1243 2067 1444 2107 castigentur
1461 2070 1493 2096 et
1510 2077 1529 2096 a
1546 2065 1719 2107 pugnando
1737 2065 1976 2095 deterreantur.

435 2122 463 2150 0.
490 2120 562 2150 Non
588 2119 668 2150 ledit
693 2119 838 2161 pacemk,
864 2120 889 2149 si
914 2120 985 2160 quis
1010 2118 1252 2159 delinquentem
1278 2129 1405 2148 servum
1429 2128 1523 2148 suum
1541 2118 1592 2148 vel
1616 2116 1809 2158 discipulum
1828 2117 1877 2147 vel
1897 2127 1976 2157 quo-

332 2172 413 2202 libet
437 2171 529 2201 modo
555 2172 615 2202 sibi
642 2171 804 2201 subditum
829 2171 936 2211 scopis
961 2171 1041 2201 velffl
1065 2170 1205 2200 fustibus
1231 2169 1301 2200 cedi
1326 2169 1464 2200 iusserit.

2001 730 2024 747 10

2003 991 2026 1008 15

2004 1246 2028 1264 ¹20

2007 1763 2031 1780 30

2005 2023 2028 2041 35

442 2225 486 2254 ΙΟ.
518 2223 686 2264 Excipitur
719 2223 815 2253 etiam
845 2222 883 2252 ab
919 2222 979 2252 hac
1008 2222 1096 2262 pacis
1129 2221 1370 2252 constitutione.
1401 2221 1426 2250 si
1457 2220 1605 2250 dominus
1639 2230 1695 2250 rex
1720 2220 1848 2261 publice
1874 2230 1976 2260 expe·
2020 2246 2022 2249 ,

333 2275 484 2305 ditionem
521 2275 590 2305 ficri
623 2274 755 2304 iusserit
788 2277 920 2315 propter
950 2273 1150 2315 appetendos
1183 2273 1274 2313 regni
1306 2273 1452 2303 inimicos
1484 2272 1534 2302 vel
1565 2272 1735 2302 concilium
1769 2272 1828 2301 sibi
1855 2271 1973 2302 habere

335 2327 493 2367 placuerit
517 2330 649 2368 propter
673 2326 897 2356 ‹liiudicandos
923 2326 1070 2355 iusticiae
1096 2325 1311 2355 adversarios.

441 2380 486 2408 11.
510 2378 582 2407 Non
608 2377 745 2407 violatur
769 2388 843 2418 pax.
869 2377 895 2406 si
919 2377 1049 2407 interim
1075 2376 1140 2406 (lux
1165 2376 1237 2406 veln
1261 2376 1314 2406 alii
1340 2376 1473 2405 comites
1498 2375 1549 2404 vel
1580 2374 1726 2404 advocati
1752 2374 1801 2404 vel
1826 2375 1879 2414 qui
1908 2375 1977 2405 vice

333 2430 459 2459 illorum
484 2430 662 2469 funguntur
686 2429 806 2469 placita
830 2428 1002 2458 habuerint
1027 2432 1058 2458 et
1079 2427 1255 2459 secundum
1281 2426 1365 2468 quod
1391 2427 1443 2457 lex
1468 2426 1565 2456 habet
1591 2426 1620 2455 in
1646 2425 1732 2455 fures
1757 2430 1789 2456 et
1815 2425 1975 2466 predones

334 2485 366 2510 et
391 2481 470 2510 alios
496 2484 651 2510 nocentes
676 2479 794 2510 iudicia
820 2480 1036 2510 exercuerint.

435 2582 499 2608 421.
526 2583 556 2612 ¹¹¹)
576 2592 625 2615 qua
645 2584 683 2607 ris
699 2583 725 2611 l:
746 2584 837 2615 quavis
850 2583 873 2608 2.
887 2582 910 2607 3.
981 2584 1006 2613 1¹)
1027 2583 1134 2607 faicosus
1150 2582 1227 2613 1—3;
1248 2583 1367 2607 factiosus
1384 2581 1524 2606 emendarit
1538 2581 1658 2612 Phihppi.
1729 2582 1752 2611 ὓ)
1772 2581 1796 2604 in
1810 2580 1833 2604 3.
1904 2579 1928 2609 1³)
1942 2588 1978 2604 ra-

334 2629 400 2651 tione
420 2626 444 2651 3.
550 2628 574 2653 ¹1)
596 2627 662 2651 intra
684 2627 704 2651 l.
810 2629 830 2656 r)
851 2627 886 2650 sic
900 2635 951 2657 pro
971 2627 1102 2650 condictae
1124 2626 1197 2650 lfiss.
1314 2625 1333 2656 s)
1352 2626 1418 2649 dees!
1438 2625 1461 2649 tl.
1567 2625 1584 2653 t)
1605 2624 1629 2647 iu
1652 2624 1672 2648 l.
1777 2624 1802 2654 ¹¹)
1821 2626 1937 2648 teneatur
1955 2622 1979 2647 3.

333 2671 355 2698 V)
376 2671 422 2693 uisi
443 2670 462 2693 si
484 2671 504 2693 1.
596 2672 625 2697 w)
646 2671 812 2701 impugnatur
831 2669 854 2694 ⁵2.
876 2669 898 2693 3.
983 2670 1007 2699 Χ)
1027 2670 1180 2701 contingerit
1198 2670 1265 2699 quod
1285 2668 1308 2693 3.
1379 2668 1402 2700 y)
1423 2668 1489 2691 {Inest
1509 2667 1532 2691 2.
1604 2666 1625 2696 Ζ)
1644 2667 1711 2691 dicta
1730 2665 1753 2690 3.
1826 2670 1849 2694 ³)
1870 2667 1934 2690 idem
1954 2665 1977 2690 3.

333 2712 357 2739 ¹¹)
378 2705 448 2736 [hesi
465 2712 486 2736 l.
592 2716 613 2741 c)
632 2715 761 2736 :inseretur
780 2721 844 2736 corr.
863 2712 882 2736 l.
989 2711 1013 2743 (ἶ)
1033 2713 1084 2736 det.
1102 2716 1127 2736 et
1146 2712 1195 2736 dns.
1210 2711 1234 2736 3.
1340 2714 1363 2735 ⁰)
1384 2713 1428 2734 sor.
1449 2710 1582 2742 negaverit
1600 2709 1651 2733 cles.
1667 2709 1725 2733 1-2.
1814 2708 1836 2737 s)
1857 2718 1883 2732 se
1901 2716 1979 2739 usque

334 2756 441 2778 volucrit
459 2756 510 2778 (lm.
524 2755 547 2778 25.
654 2760 678 2781 θ’)
698 2756 764 2779 (licia
783 2754 806 2779 2,
827 2754 849 2779 3.
957 2754 981 2785 ¹¹)
1000 2755 1171 2786 impleverunt
1189 2754 1211 2778 2,
1232 2754 1255 2778 3.
1345 2754 1361 2779 ¹)
1382 2754 1449 2777 deest.
1470 2753 1490 2777 l.
1578 2751 1602 2776 k,
1622 2752 1687 2775 dces!
1707 2751 1730 2775 3.
1818 2750 1836 2782 ¹)
1857 2759 1977 2782 pervene—

333 2798 382 2821 rint
401 2797 424 2821 3.
513 2798 544 2819 ¹¹¹)
564 2802 586 2821 er
608 2797 631 2821 2¹.
719 2802 744 2827 ¹¹)
763 2803 808 2822 :rut
826 2798 850 2822 2.
870 2798 894 2821 3.

2004 2283 2028 2300 ⁴0

2005 2585 2029 2603 45

2007 2799 2031 2816 50
