2205 3072
237 1940 265 1959 Fu

241 380 284 399 Ian.
297 383 327 400 251.

248 1101 300 1121 Feb.
312 1104 330 1122 2.

268 1941 288 1960 l».
299 1943 318 1962 2.

345 163 415 210 358ι
710 176 889 202 FRIDERICI
910 176 929 202 Ι.
949 175 1270 202 CONSTITUTIONES.
1308 176 1383 202 1177.
1419 175 1467 202 Nr.
1484 175 1543 202 254.
1562 175 1621 201 255.

345 265 453 306 itaque
488 267 542 294 tue
576 263 741 294 fidelitatis
773 262 915 301 dilectio,
951 263 1101 304 quoniam
1137 263 1302 293 eliminato
1332 262 1484 293 universo
1514 262 1672 292 scismatis
1703 273 1821 300 errore.
1858 273 1921 304 pax
1953 266 1985 294 et

345 316 451 346 unitas
475 314 652 345 aecclesiae
673 315 855 353 reformata,
879 318 945 345 tam
962 315 1150 346 iuramentis
1168 325 1262 355 quam
1281 314 1407 355 scriptis
1426 314 1498 344 hinc
1516 313 1589 344 inde
1608 314 1767 355 sigillatis,
1794 314 1984 345 inconvulsa

345 367 496 397 firmitate
524 365 675 396 roborata
708 369 764 397 est.
816 365 887 401 Que
911 366 1020 407 utique
1050 367 1081 396 in
1107 366 1242 396 concilio
1266 366 1442 396 Ravenne‘
1470 366 1502 396 in
1527 365 1738 396 conversione
1763 366 1865 396 sancti
1890 366 1982 397 Pauli

345 417 550 453 celebrando.
576 421 728 458 presente
752 418 918 459 utriusque
943 418 1043 459 partis
1067 418 1234 459 principali
1259 418 1376 459 capite,
1401 417 1458 448 toti
1475 417 1654 448 aecclesiae
1672 417 1906 459 promulganda
1924 422 1983 449 est.

345 469 395 499 Ad
420 469 514 499 huius
538 478 615 509 ergo
640 469 837 500 venerabilis
861 469 987 500 concilii
1012 472 1206 500 conventum
1231 472 1285 499 tue
1310 468 1480 510 prudentie
1504 469 1701 510 presentiam
1726 469 1873 500 exhiberi
1898 469 1983 500 desi-

344 521 504 552 derantes.
530 520 679 550 fidelitati
704 525 758 551 tue
782 521 813 551 in
840 521 923 551 bona
946 520 1008 551 fide
1034 521 1232 551 consulimus
1258 524 1290 551 et
1313 520 1522 562 precipiendo
1540 520 1738 557 mandamus.
1764 524 1934 562 quatenus.
1959 521 1984 552 si

344 573 430 613 prius
455 582 518 602 non
543 576 646 613 potes.
679 572 795 602 saltem
820 573 852 602 in
878 573 1089 603 conversione
1115 573 1215 603 sancti
1241 572 1333 602 Pauli
1357 571 1443 602 omni
1468 571 1669 602 dubitatione
1693 576 1826 610 remota,
1855 572 1984 603 Raven-

345 622 435 653 nams
459 623 580 657 venias.
612 623 685 664 quia
714 626 768 654 tue
797 623 968 665 prudentie
994 624 1162 654 consilium
1186 624 1218 654 in
1250 623 1310 654 hoc
1335 623 1466 654 salutari
1491 623 1621 664 negotio
1650 623 1846 665 perficiendo
1872 635 1984 655 neccs-

345 674 462 705 sarium
489 674 654 705 habemus.

515 768 591 800 254.
621 768 898 800 MANDATUM
920 769 1186 801 SECUNDUM
1204 769 1566 801 INVITATORIUM.
1607 769 1821 809 (11715.Dec.)

450 829 503 859 Er
525 829 625 859 codem
649 829 746 859 cadica:
766 830 827 870 fol.
844 827 900 860 1‘54'
924 833 967 869 (p.
987 832 1081 867 170),·
1106 830 1167 860 Pae
1190 830 1209 861 l.
1228 841 1251 861 c.
1274 841 1305 869 p.
1322 832 1393 860 415.
1420 849 1457 852 -
1483 829 1621 871 Slzmzpfi
1645 830 1719 870 Ray.
1736 832 1829 861 4187.

1731 882 1784 921 (P.
1802 884 1888 923 1:30.)

448 936 661 978 Ftridericus)
692 937 752 967 Dei
789 938 891 978 gratia
921 937 1141 969 Romanorum
1176 938 1350 979 imperator
1389 942 1421 968 et
1457 948 1584 979 semper
1620 942 1776 980 augustus
1811 939 1929 970 dilecto
1958 943 1990 970 et

348 989 432 1020 fideli
459 1000 516 1020 suo
543 990 749 1031 O(udalricoj›
774 991 1017 1032 Aquilegiensi³
1044 990 1226 1032 patriarche
1250 989 1386 1030 gratiam
1414 1001 1503 1020 suam
1529 994 1560 1020 et
1584 990 1701 1020 bonam
1726 991 1936 1022 voluntatem.

450 1041 539 1072 Sicut
568 1041 686 1072 dudum
720 1052 777 1083 per
807 1042 931 1073 litteras
962 1046 1087 1073 nostras
1112 1042 1274 1072 dilectioni
1307 1046 1361 1072 tue
1394 1041 1648 1078 uumdavnnusb.
1679 1042 1724 1072 ita
1753 1052 1811 1083 per
1836 1043 1987 1074 nuncium

348 1096 436 1123 tuum
461 1094 575 1123 iterum
607 1098 637 1124 te
663 1094 889 1126 certificamus.
922 1094 1005 1135 quod
1036 1094 1205 1124 concilium
1238 1094 1266 1123 in
1293 1093 1376 1123 festo
1403 1093 1496 1123 beate
1522 1092 1621 1123 Marie
1647 1094 1879 1135 purificationis
1904 1094 1990 1136 apud

346 1144 553 1175 Ravennam⁰
585 1145 824 1176 indubitanter<¹
855 1150 904 1175 est
936 1145 1174 1176 celebrandum.
1225 1145 1397 1175 Dilectioni
1430 1149 1493 1177 tue,
1526 1145 1565 1175 de
1595 1156 1658 1186 qua
1682 1145 1764 1176 bene
1790 1146 1989 1181 confidimus.

345 1196 534 1227 mandamus
561 1202 729 1228 monentes
755 1201 787 1227 ct
811 1202 935 1228 attente
961 1201 1123 1238 rogantes.
1153 1197 1314 1238 quatinus.
1345 1197 1517 1238 assumptis
1543 1200 1649 1227 tecum
1675 1198 1807 1238 prelatis
1833 1198 1878 1228 tui
1903 1198 1989 1239 prin—

346 1248 470 1289 cipatus
496 1252 528 1278 et
552 1249 670 1279 ceteris
696 1249 854 1290 religiosis
879 1260 915 1279 ac
941 1249 1153 1291 prudentibus
1171 1254 1203 1279 et
1226 1248 1374 1279 discretis
1393 1249 1467 1279 viris
1492 1259 1699 1290 quoscunque
1718 1250 1838 1281 habere
1857 1251 1990 1291 poteris,

345 1303 467 1330 remota
484 1300 567 1330 omni
587 1300 757 1330 occasione
775 1301 812 1331 ad
833 1301 1010 1342 predictum
1029 1301 1199 1331 concilium
1215 1302 1335 1334 venias
1354 1301 1458 1331 sciens
1474 1301 1557 1341 quod
1572 1302 1602 1331 in
1619 1306 1681 1331 tam
1696 1301 1794 1332 arduo
1809 1302 1989 1332 aecclesiae

345 1352 474 1391 negotio
499 1352 694 1392 presentiam
720 1356 805 1382 tuam
831 1353 1048 1383 necessariam
1076 1353 1276 1383 habebimus
1324 1352 1373 1383 De
1399 1352 1527 1387 allodio.
1552 1352 1591 1383 de
1619 1363 1680 1394 quo
1705 1353 1795 1383 nobis
1822 1353 1990 1395 scripsisti,

346 1403 485 1433 libenter
509 1407 540 1433 te
566 1408 777 1435 manutenere
802 1405 996 1437 curabimus.
1022 1405 1096 1445 quia
1120 1405 1301 1435 aecclesiae
1327 1408 1380 1435 tue
1406 1415 1532 1445 quoque
1560 1405 1693 1435 meliora
1718 1405 1893 1446 eupimuse.

652 1532 728 1564 255.
765 1533 1048 1564 11’E‚S'P(›N.SI'M
1078 1533 1422 1565 PATRIARCHAE.
1468 1536 1576 1571 (1177.
1598 1534 1684 1573 Ian.)

448 1588 501 1618 Er
523 1588 622 1619 eodem
646 1589 744 1620 codiee
763 1589 822 1629 fol.
840 1587 897 1619 δ’δ’
920 1594 964 1628 (2).
984 1592 1078 1624 172st
1103 1589 1164 1619 Pe:
1187 1590 1205 1620 Ι,
1225 1600 1247 1620 ι’.
1268 1600 1300 1627 p.
1318 1591 1381 1620 41st
1404 1600 1452 1620 nr.
1473 1592 1498 1620 1.
1711 1590 1764 1624 (P.
1781 1590 1886 1629 (locst.)

451 1675 564 1706 Inclito
595 1679 626 1705 et
657 1676 793 1716 glorioso
822 1676 949 1706 domino
979 1687 1036 1706 suo
1066 1675 1264 1717 Ftriderico)
1294 1676 1526 1717 gloriosissimo
1557 1675 1772 1707 Romanorum
1803 1677 1990 1719 imperatori

347 1737 474 1768 semper
504 1732 641 1768 augusto
668 1727 890 1768 Otudalricus]
917 1727 976 1757 Dei
1007 1728 1110 1769 gratia
1141 1733 1251 1758 sancte
1278 1728 1540 1769 Aquilegiensis²³
1564 1728 1702 1759 ecclesie
1727 1729 1911 1770 patriarcha
1935 1729 1993 1760 de—

348 1781 454 1808 votum
479 1789 548 1809 cum
575 1779 752 1809 orationum
779 1780 950 1810 instantiah
976 1780 1152 1811 servitium.

450 1830 576 1861 Placuit
601 1831 794 1861 excellentie
822 1836 937 1862 vestre.
964 1842 1075 1872 pacem
1102 1832 1240 1862 ecclesie
1267 1831 1328 1861 Dei
1353 1831 1522 1865 firmatam.
1548 1832 1675 1873 scriptis
1694 1842 1820 1872 quoque
1845 1842 1881 1862 ac
1908 1833 1992 1863 iura-

347 1881 462 1911 mentis
487 1881 558 1912 hinc
582 1882 656 1913 inde
682 1883 829 1923 sigillatis
858 1894 929 1913 esse
962 1883 1210 1915 corroboratam.
1245 1883 1334 1913 nobis
1366 1883 1547 1924 significare
1578 1886 1610 1914 et
1635 1883 1674 1914 ad
1699 1883 1870 1914 concilium
1894 1894 1991 1925 super

346 1934 416 1974 ipsa
445 1934 679 1974 promulganda
711 1934 866 1965 Ravenne
901 1934 1131 1965 celebrandum
1166 1935 1196 1965 in
1226 1935 1372 1976 proxima
1402 1935 1626 1976 purificatione
1657 1939 1767 1966 sancte
1799 1935 1901 1966 Marie
1932 1946 1990 1966 nos

349 1995 476 2015 vocare.
522 1985 615 2016 Unde
640 1996 697 2016 nos
724 1986 814 2017 iuxta
839 1987 1016 2017 vocationis
1044 1990 1148 2017 vestre
1180 1986 1365 2017 mandatum
1390 1988 1450 2017 iter
1474 1987 1677 2028 arripientes.
1707 1998 1772 2018 una
1795 1998 1867 2018 cum
1892 1998 1991 2018 vene—

349 2036 501 2067 rabilibus
526 2037 677 2068 fratribus
709 2039 827 2068 nostris
859 2038 1020 2079 episcopis
1053 2038 1189 2079 aliisque
1215 2038 1352 2069 ecclesie
1377 2042 1486 2069 nostre
1511 2038 1643 2080 prelatis
1668 2050 1705 2069 ac
1729 2039 1890 2080 religiosis
1915 2039 1991 2070 viris

349 2098 472 2118 necnon
503 2092 535 2118 et
564 2088 713 2119 fidelibus
747 2090 864 2120 nostris
896 2089 935 2120 ad
965 2089 1050 2120 idem
1076 2090 1262 2121 venerabile
1288 2090 1459 2121 concilium
1486 2091 1668 2132 processuri
1695 2091 1865 2122 Venetiam
1891 2091 1991 2122 intra-

350 2139 460 2170 vimus.
510 2139 595 2171 Sane
620 2140 661 2170 ibi
686 2146 929 2181 cognoscentes.
955 2142 1100 2172 dominos
1125 2141 1317 2174 cardinales,
1344 2141 1553 2173 Hostiensem
1580 2142 1730 2173 videlicet
1753 2144 1941 2184 episcopum
1959 2146 1992 2173 et

349 2191 552 2227 Reinerium.
584 2191 623 2221 ad
655 2202 711 2223 vos
743 2193 920 2223 accessisse
953 2203 1073 2234 vosque
1107 2203 1169 2223 una
1201 2204 1271 2223 cum
1307 2194 1384 2234 ipsis
1416 2194 1455 2224 de
1488 2194 1557 2224 loco
1587 2198 1619 2224 et
1648 2198 1792 2236 tempore
1823 2194 1990 2225 memorati
2019 2207 2029 2224 r.

349 2243 474 2274 concilii
500 2243 669 2274 audientes
694 2245 789 2274 aliter
818 2244 1030 2286 disposuisse.
1066 2245 1109 2275 rei
1141 2245 1307 2275 veritatem
1333 2256 1431 2286 super
1456 2245 1503 2276 his
1529 2246 1683 2287 consequi
1709 2246 1887 2288 cupientes.
1917 2256 1991 2287 pre-

350 2295 486 2325 sentium
511 2295 647 2325 latorem
678 2296 837 2326 maiestati
863 2300 970 2327 vestre
1002 2297 1259 2330 transmittimus.
1291 2297 1466 2328 affectuose
1492 2298 1700 2340 suplicantes.
1735 2302 1894 2339 quatenus
1920 2297 1994 2339 quid

351 2356 447 2387 super
472 2347 606 2376 concilio
632 2357 703 2377 cum
721 2348 855 2388 prefatis
873 2347 1090 2378 cardinalibus
1110 2352 1217 2378 vestra
1235 2349 1384 2378 statuerit
1402 2349 1570 2388 serenitas,
1598 2350 1697 2380 sacris
1715 2350 1858 2390 apicibus
1876 2349 1994 2380 vestris

351 2408 409 2427 nos
434 2397 613 2428 certificare
638 2397 823 2439 dignemini.

456 2449 505 2479 Ad
528 2449 587 2480 hoc
611 2450 782 2481 clementie
808 2454 914 2481 vestre
938 2450 1155 2491 significamus
1181 2451 1275 2491 quod.
1300 2462 1372 2482 cum
1397 2453 1429 2482 in
1453 2453 1568 2484 itinere
1592 2452 1633 2483 ad
1657 2463 1713 2483 vos
1732 2452 1882 2483 veniendi
1900 2462 1989 2483 esse-

351 2510 431 2534 mus.
458 2511 563 2531 comes
582 2501 623 2532 H.
641 2501 680 2532 de
698 2501 945 2533 Frantenhusen
963 2513 997 2533 se
1015 2503 1125 2533 nobise
1143 2513 1183 2533 ex
1201 2503 1366 2545 inopinato
1385 2504 1541 2541 adiunxit.
1564 2505 1728 2535 humiliter
1745 2505 1958 2546 expostulans
1968 2503 1992 2539 d.

352 2556 386 2582 ut
420 2562 492 2582 eum
529 2552 568 2582 ad
602 2554 801 2594 presentiam
829 2558 968 2584 vestram
1003 2553 1256 2585 adduceremus
1284 2558 1315 2585 et
1344 2556 1374 2585 in
1405 2556 1625 2598 recuperanda
1653 2557 1758 2597 gratia
1786 2559 1894 2587 vestra
1919 2566 1992 2587 eum

352 2604 535 2634 interventu
568 2608 674 2635 nostro
708 2605 902 2635 iuvarcmus.
955 2605 1039 2641 Quid
1067 2606 1164 2646 igitur
1194 2616 1292 2647 super
1323 2607 1382 2637 hoc
1413 2618 1527 2639 serene
1552 2608 1707 2639 voluntati
1739 2611 1845 2639 vestre
1870 2607 1992 2647 sedeat.

352 2655 451 2685 sacris
477 2655 591 2686 litteris
617 2656 734 2687 vestris
760 2667 816 2687 nos
841 2657 1018 2687 certificare
1043 2657 1228 2697 dignemini.

456 2731 520 2758 253.
546 2736 569 2765 θ)
588 2735 632 2758 Ra.
652 2743 672 2757 s.
762 2733 782 2763 f)
803 2736 859 2759 Rau
879 2744 899 2759 c.

456 2774 519 2801 254.
546 2780 570 2807 ἃ)
591 2778 631 2812 Aq
651 2786 670 2801 c.
760 2776 783 2809 b)
803 2786 869 2802 corr.
890 2778 1039 2802 mandamus
1059 2787 1078 2802 c.
1167 2777 1190 2810 c)
1210 2779 1298 2803 Rauen
1319 2788 1338 2803 r.
1427 2778 1452 2811 ι1)
1472 2780 1674 2805 Indubidandum
1693 2789 1714 2805 c.
1795 2780 1817 2814 e)
1837 2781 1954 2806 cubimus
1973 2789 1993 2806 e.

457 2817 521 2843 255.
547 2821 568 2849 a)
589 2822 629 2853 Aq
649 2829 668 2844 c.
750 2819 774 2850 b)
793 2820 940 2844 instantiam
958 2830 978 2845 c.
1054 2822 1076 2851 c)
1096 2820 1243 2847 srautenhse
1262 2822 1334 2846 nobis
1352 2831 1372 2846 c.
1443 2821 1467 2853 d)
1486 2822 1655 2855 expostulain9
1674 2834 1694 2849 c.
1765 2825 1787 2851 ε“)
1808 2832 1958 2849 :ulceremus
1971 2833 1992 2849 c.

2016 786 2038 803 ll!

2017 1055 2038 1073 15

2018 1314 2042 1331 20

2019 1689 2042 1706 25

2019 1946 2043 1962 :50

2019 2465 2044 2483 40

2020 2749 2043 2767 45
