2205 3072
375 160 434 189 204
780 155 963 182 FRIDERJCI
982 156 999 181 Ῑ.
1021 155 1344 181 CONSTI'PUTIONES.
1381 155 1455 181 1153.
1492 155 1538 181 Nr.
1553 156 1610 182 146.

468 351 561 401 146.
605 348 1098 401 SENTENTIA
1139 348 1247 401 DE
1290 347 1541 401 BONIS
1584 349 1927 404 MENSAE

548 425 1069 479 EPISoOPALIS
1112 426 1282 479 NON
1330 425 1849 482 ALIENANDIS.

1051 519 1157 555 1153.
1186 520 1266 555 Iun.
1292 520 1347 555 14.

476 627 598 658 Damus
620 639 657 658 αι·
682 628 872 668 ιιιιίοῃιτφῖιο
896 628 1046 658 lalmlarii
1066 627 1291 661 Berolimusis.
1322 629 1384 659 iam
1408 628 1480 658 olim
1503 639 1521 658 a
1548 628 1611 659 viro
1634 629 1670 660 cl.
1695 629 1894 661 ll'cdlmzhach
1917 641 2014 661 menz-

369 679 464 717 Μαίη,
496 680 615 710 vallatis·
646 680 776 710 editione
800 679 986 709 Laemnbleti
1010 679 1324 710 ‘Nicderrlwiuisclws
1359 679 1616 710 llo-lcundawhnelf
1646 681 1672 713 I,
1695 692 1728 719 p.
1748 682 1812 712 2:3⁸
1834 692 1884 712 nr.
1902 683 1964 713 375
1987 685 2015 713 et

373 731 505 769 imafflne
536 732 640 770 partis
672 732 790 770 prioris
826 734 853 761 ct
887 731 1045 762 ulterioris
1080 731 1372 761 ‘Kaaceruo-lvmden
1408 731 1440 760 in
1470 731 1698 770 Abhizdimqen'
1734 732 1774 770 X,
1806 733 1866 765 ml).
1893 734 1946 763 Sa.
1977 751 2014 756 —-

372 782 509 823 Slumps,
534 783 608 822 Rey.
629 785 722 814 3672.
1776 784 1827 819 (P.
1847 785 1913 821 94.)

477 886 543 928 (C.)
566 889 579 928 ξ;
600 887 635 918 In
656 888 783 918 nomine
801 890 910 917 sancte
929 890 960 917 et
978 886 1141 917 individue
1156 886 1331 917 Trinitatis.
1368 885 1550 917 Fridcricus
1568 886 1676 917 divina
1692 887 1821 918 favente
1837 889 2014 919 clemencia

372 937 589 969 Romanorum
614 950 668 969 rex
693 943 878 980 augustus³¹.
895 939 908 979 {3
989 938 1148 973 Quoniam
1174 938 1374 968 ordinatione
1398 938 1672 976 excellentissime
1696 940 1874 970 maiestatis
1899 941 1929 971 in
1947 941 2014 971 cul-

373 990 456 1019 mine
482 990 595 1032 inperii
621 991 786 1021 constituti
812 1001 968 1021 summam
993 1001 1097 1020 rerum
1117 990 1293 1029 regendam
1311 990 1520 1031 suscepimus,
1545 989 1676 1030 dignum
1694 990 1854 1028 duximus,
1879 992 2015 1032 singulis

373 1043 519 1083 personis
545 1047 575 1073 ct
601 1044 725 1073 cunctis
751 1042 895 1080 ecclesiis
921 1043 951 1072 in
978 1046 1085 1072 nostro
1111 1042 1234 1084 inperio
1261 1042 1329 1072 sitis
1354 1052 1410 1072 sua
1436 1042 1504 1072 iura
1528 1042 1756 1073 inviolabiliter
1773 1054 1966 1074 conservare
1985 1046 2016 1074 et

371 1095 524 1132 ecclesias
549 1094 609 1125 Dei
640 1099 703 1125 tam
737 1094 851 1136 opibus
880 1104 974 1135 quam
1003 1093 1214 1134 dignitatibus
1243 1093 1452 1134 locupletare.
1541 1093 1590 1133 <ll
1621 1093 1668 1124 Eo
1693 1094 1841 1125 nimirum
1866 1096 2016 1136 equitatis

372 1146 486 1176 intuitu
514 1151 545 1176 et
570 1151 674 1183 nostre
699 1147 828 1187 pietatis
854 1146 962 1176 favore
983 1145 1168 1176 Coloniensi
1194 1145 1326 1182 ecclesie
1349 1145 1524 1175 clementer
1541 1145 1759 1186 providentes,
1784 1147 2017 1188 possessiones,

372 1206 432 1236 que
457 1196 656 1236 quorundam
682 1196 1001 1238 archiepiscoporum
1026 1196 1228 1237 negligencia
1246 1207 1263 1226 a
1281 1206 1391 1226 mensa
1415 1206 1473 1226 seu
1490 1196 1667 1227 elemosina
1684 1198 1857 1239 episcopali
1875 1199 2017 1229 alienata

371 1248 472 1281 fuere,
504 1248 585 1278 sicut
620 1249 650 1278 in
682 1252 856 1289 conspectu
888 1249 992 1290 patrui
1025 1248 1127 1278 nostri
1156 1248 1353 1278 serenissimi
1383 1248 1603 1279 Romanorum
1636 1250 1722 1290 regis
1753 1248 1894 1280 Cfinradi
1925 1250 2015 1280 tercii

371 1300 535 1330 carissimo
567 1304 675 1330 nostro
709 1311 744 1330 ac
782 1300 1031 1341 prudentissimo
1066 1300 1165 1330 nostri
1199 1300 1248 1330 evi
1281 1300 1445 1341 principe''
1479 1300 1623 1330 Arnoldo
1654 1300 1795 1331 secundo
1829 1300 2015 1332 Coloniensi

371 1351 613 1393 archiepiscopo
638 1352 677 1382 ab
704 1352 878 1382 innumeris
902 1351 1098 1392 principibus
1123 1356 1155 1382 et
1180 1356 1247 1381 tota.
1271 1352 1358 1381 curia
1376 1351 1510 1382 Colonie
1533 1352 1709 1382 iudicatum
1728 1356 1787 1384 est.
1813 1352 2014 1383 decrevimus

374 1404 564 1434 auctoritate
595 1408 702 1441 nostre
727 1404 904 1434 maiestatis
929 1404 1118 1434 confirmare
1142 1408 1173 1434 ct
1198 1404 1242 1433 rei
1268 1407 1360 1443 geste
1391 1403 1505 1434 seriem
1531 1405 1673 1445 presenti
1699 1405 1815 1445 pagina
1840 1405 2015 1435 certissime

372 1459 535 1485 annotare.
618 1456 667 1496 (2)
693 1455 896 1486 Ooloniensis
921 1455 1077 1497 siquidem
1104 1455 1249 1493 ecclesiaq
1275 1455 1388 1497 opibus
1405 1458 1436 1485 et
1454 1455 1666 1496 dignitatibus
1684 1456 1757 1486 olim
1777 1456 2014 1489 florentissima.

372 1517 453 1537 nunc
478 1507 676 1548 quorundam
703 1508 906 1548 negligencia
936 1507 1254 1548 archiepiscoporum
1281 1512 1311 1537 ct
1336 1507 1488 1549 precipue
1513 1507 1687 1541 Frederici.
1719 1508 1771 1549 qui
1796 1508 1835 1538 ob
1860 1508 2013 1549 quosdam

372 1558 529 1589 bellorum
555 1560 710 1589 tumultus
736 1560 872 1600 gratiam
898 1559 1113 1599 inperatoriae
1138 1559 1317 1589 maiestatis
1335 1558 1469 1589 offendit
1487 1562 1519 1588 et
1536 1559 1566 1588 in
1585 1558 1696 1589 eadem
1715 1559 1872 1589 bellorum
1891 1563 2015 1601 tempe-

372 1615 454 1640 statc
480 1612 615 1652 plurima
640 1611 725 1641 bona
748 1611 787 1641 de
812 1622 924 1641 mensa
949 1614 980 1641 et
1005 1610 1180 1641 elemosina
1207 1610 1382 1651 episcopali
1407 1610 1654 1645 inbeneficiavit,
1679 1611 1821 1650 graviter
1845 1612 1952 1641 attrita
1969 1614 2016 1640 est

372 1667 403 1692 et
421 1667 643 1703 conquassata.
684 1662 725 1692 Et
742 1663 814 1704 quia
834 1662 1016 1693 Coloniensi
1035 1663 1110 1694 sede
1129 1666 1274 1694 vacante.
1297 1662 1404 1693 divina
1421 1664 1550 1693 favente
1568 1663 1671 1703 gratia
1689 1664 1812 1694 electus
1831 1667 1880 1694 est
1898 1664 2016 1694 ibidem

373 1714 401 1743 in
428 1714 707 1756 archiepiscopum
726 1715 888 1745 Arnoldns
915 1716 1015 1745 maior
1039 1716 1069 1745 in
1090 1714 1227 1745 Colonia
1251 1715 1432 1756 prepositus
1458 1719 1490 1745 et
1506 1715 1614 1745 domni
1633 1713 1771 1745 Uimi-adi
1789 1716 1880 1746 tercii
1898 1714 2016 1746 Roma-

374 1776 487 1796 norum
514 1767 597 1807 regis
622 1767 844 1798 cancellarius.
871 1767 918 1796 vir
942 1767 1050 1807 utique
1076 1767 1241 1807 preclarus
1258 1777 1389 1807 genere.
1415 1767 1661 1807 expertissimus
1678 1766 1862 1807 prudencia,
1889 1771 2015 1808 specta-

374 1817 446 1847 bilis
472 1818 656 1853 honestate,
684 1818 733 1848 hic
760 1828 831 1848 cum
857 1829 874 1848 a
899 1819 985 1849 clero
1012 1823 1043 1849 et
1067 1819 1186 1859 populo
1204 1819 1408 1849 uniformiter
1425 1829 1461 1849 ac
1479 1818 1670 1859 regulariter
1688 1818 1718 1848 in
1737 1818 2017 1860 archiepiscopum

374 1869 497 1899 electus
522 1869 561 1899 ad
587 1870 803 1911 pontificalem
830 1870 1018 1910 dignitatem
1043 1870 1226 1901 traheretur
1251 1874 1282 1900 ct
1306 1882 1324 1900 a
1348 1870 1580 1910 gloriosissimo
1605 1869 1733 1900 domino
1752 1867 1898 1900 Ci'mrado
1920 1870 2020 1900 tercio

374 1921 589 1951 Romanorum
616 1932 691 1962 rege
717 1922 940 1952 investituram
965 1921 1171 1963 episcopatus
1198 1922 1256 1951 sub
1276 1921 1407 1952 obtentu
1427 1922 1513 1961 regie
1531 1922 1632 1962 gratie
1649 1922 1806 1962 recipere,
1831 1922 2020 1959 ecclesiame

374 1973 536 2003 humiliter
570 1977 601 2003 ct
634 1984 704 2003 cum
742 1973 944 2003 lacrimarum
975 1973 1149 2004 devocione
1184 1973 1222 2004 ad
1256 1973 1356 2014 pedes
1389 1973 1457 2004 cius
1490 1977 1663 2014 prostrata,
1701 1973 1808 2014 sepius
1842 1973 2017 2007 iuberetur,

374 2024 478 2055 modis
497 2025 644 2055 omnibus
663 2025 788 2055 renisus
807 2028 863 2061 est,
882 2025 1144 2056 constantissime
1162 2025 1357 2066 pretendens
1372 2025 1594 2066 episcopatum
1613 2035 1715 2065 usque
1734 2025 1814 2055 adeo
1828 2024 2017 2055 distractum

375 2081 406 2106 et
430 2076 605 2107 laceratum
631 2086 713 2111 esse,
739 2080 773 2106 ut
798 2086 871 2106 suas
898 2086 953 2117 pro
979 2086 1015 2106 eo
1040 2076 1183 2109 divicias,
1219 2087 1310 2107 suam
1335 2087 1448 2118 pacem
1474 2087 1530 2118 pro
1556 2079 1644 2107 tanta
1669 2075 1890 2117 inquietudine
1915 2075 2018 2106 nulla-

375 2133 468 2158 tenus
494 2129 571 2158 velit
596 2133 791 2161 conmutare.
818 2128 981 2159 humiliter
1005 2129 1102 2159 etiam
1128 2138 1323 2170 proponens,
1355 2140 1388 2159 se
1414 2128 1453 2159 ad
1478 2128 1662 2170 pontificale
1687 2138 1767 2158 onus
1793 2127 1920 2158 omnino
1947 2137 2019 2158 esse

375 2180 633 2212 insufficientem.
673 2180 794 2210 Verum
819 2181 1045 2211 serenissimus
1070 2185 1226 2221 augustus
1243 2181 1379 2211 domnus
1398 2177 1566 2212 Cfinradus
1590 2181 1709 2211 tercius
1727 2180 1944 2210 Romanorum
1963 2190 2019 2209 rex

375 2233 511 2274 predicti
531 2232 623 2262 electi
642 2243 810 2274 personam
825 2233 882 2263 toti
897 2243 995 2273 regno
1009 2236 1041 2262 et
1053 2236 1161 2270 sancte
1174 2233 1330 2263 catholice
1345 2233 1479 2270 ecclesie.
1492 2232 1689 2263 salutiferam
1705 2242 1894 2272 agnoscens,
1913 2234 2018 2261 motus

2044 1003 2068 1020 10

2043 1517 2068 1535 ¹.¹o

2045 2034 2069 2053 :lo

376 2285 472 2314 etiam
499 2284 674 2314 lacrimosis
701 2284 851 2325 precibus
876 2283 1073 2314 devotissimi
1098 2285 1174 2315 cleri
1199 2289 1231 2315 ct
1256 2285 1375 2326 populi,
1399 2284 1502 2315 eidem
1528 2285 1632 2314 eleeto
1656 2284 1868 2314 alienatorum
1893 2286 2017 2313 restau-
2046 2295 2068 2312 nr.

376 2337 533 2366 rationem
559 2340 590 2366 ct
615 2336 777 2377 lapsorum
803 2336 1039 2377 reparationem
1065 2336 1241 2367 clementer
1270 2336 1385 2367 obtulit
1413 2340 1444 2366 et
1468 2336 1601 2366 firmiter
1624 2335 1779 2377 promisit.
1870 2334 1914 2375 (3)
1942 2334 2019 2364 Post

376 2387 434 2417 hcc
470 2398 542 2417 vcro
577 2388 607 2418 in
641 2387 754 2418 eadem
785 2387 864 2418 urbe
897 2392 1094 2418 memoratus
1128 2387 1262 2418 domnus
1294 2386 1462 2418 Cfinradus
1499 2388 1617 2418 tercius
1649 2387 1867 2417 Romanorum
1902 2396 1958 2416 rex
1990 2386 2021 2416 in

377 2440 496 2469 celebri
523 2439 612 2470 curia
636 2451 652 2470 a
679 2440 787 2470 multis
813 2442 845 2469 et
870 2439 1033 2480 precipuis
1058 2439 1148 2480 regni
1173 2439 1370 2480 principibus
1396 2439 1548 2470 iudicium
1572 2438 1741 2480 requisivit
1766 2448 1863 2478 super
1887 2437 1977 2468 bonis
2002 2448 2021 2467 a

376 2502 485 2521 mensa
513 2503 570 2522 scu
596 2491 772 2522 elemosina
788 2490 991 2521 Coloniensis
1008 2490 1242 2532 archicpiscopi
1265 2491 1424 2526 alienatis,
1449 2495 1481 2521 et
1498 2490 1591 2527 idem,
1616 2490 1778 2531 principes
1796 2493 1827 2520 et
1845 2493 1912 2519 tota
1929 2489 2019 2529 regia

377 2544 464 2573 curia
498 2543 648 2574 iudicium
680 2542 798 2576 dcditd,
834 2542 917 2583 quod
953 2542 1130 2573 cottidiana
1161 2543 1298 2573 servicia
1326 2542 1365 2573 ad
1398 2542 1616 2584 episcopalem
1647 2552 1790 2572 inensam
1822 2541 2016 2582 pertinentia

377 2606 577 2635 nequaquam
604 2594 823 2625 inbcnrspiciari
849 2594 898 2624 vel
917 2593 1073 2624 invadiari
1097 2594 1165 2624 iure
1183 2594 1317 2635 possint,
1343 2605 1380 2624 co
1399 2593 1481 2635 quod
1504 2604 1604 2634 regno
1622 2597 1653 2623 et
1671 2593 1806 2631 ecclesie
1823 2591 2017 2622 debeantur:

377 2647 460 2687 quod
494 2647 517 2676 si
550 2647 619 2687 quis
645 2647 767 2682 fecerit,
799 2646 977 2676 successori
1003 2655 1059 2675 suo
1085 2645 1205 2676 nullum
1231 2646 1326 2675 faciat
1349 2645 1498 2676 beneficii
1523 2644 1734 2686 preiudicium
1761 2644 1808 2674 vcl
1835 2643 1918 2685 apud
1944 2653 2016 2673 eum

378 2702 479 2728 ratum
506 2699 572 2728 iurc
591 2698 736 2728 beneficii
757 2696 937 2727 tencatui··¹.
977 2696 1026 2726 Ex
1045 2696 1102 2727 hoc
1125 2708 1202 2727 sanc
1220 2696 1336 2727 iudicio
1355 2697 1518 2738 piissimus
1538 2696 1755 2726 Romanorum
1774 2706 1830 2725 rex
1850 2693 2016 2724 winradus

482 2791 544 2817 146.
570 2797 592 2815 δι
614 2797 755 2823 augauno<
775 2802 810 2816 nr,
883 2792 907 2815 bl
927 2792 961 2815 sie
980 2801 1016 2815 nr.
1088 2792 1110 2818 θ)
1131 2792 1260 2822 [mendum
1281 2795 1315 2814 pst
1335 2792 1449 2815 ccclesia.
1522 2791 1546 2819 d)
1566 2793 1631 2817 dedit
1647 2793 1807 2815 —teneatur
1826 2789 1850 2812 ἱιι
1869 2796 1964 2812 <rasum
1982 2798 2016 2812 or.

2044 2557 2070 2574 {ss
