2205 3072
362 189 423 220 380
766 189 947 216 FRIDERICI
966 189 984 216 I.
1005 189 1326 216 CONSTITUTIONES.
1359 189 1433 216 1179.
1466 189 1513 216 Nr.
1526 190 1585 216 277.

361 274 403 305 Et
428 275 453 305 si
477 275 531 313 ita,
556 278 591 305 ut
614 275 795 316 predictum
820 278 878 315 est,
911 276 1087 318 imperator
1110 277 1160 308 vel
1184 277 1266 308 filius
1291 277 1360 308 eius
1385 280 1526 307 castrum
1551 277 1583 307 in
1608 277 1753 320 custodia
1777 288 1836 308 sua
1859 278 1998 309 retinere

360 327 508 363 noluerit.
541 326 735 358 Astensibus
760 328 986 360 commendare
1019 329 1117 360 habet
1141 330 1171 360 in
1197 329 1332 370 guardia
1355 329 1412 359 tali
1437 329 1652 368 condictione⁷
1685 332 1720 359 ut
1744 329 1998 370 quandocunque

361 378 534 419 imperator
564 379 700 409 voluerit
730 379 782 410 vel
811 380 880 411 eius
911 380 995 411 filius
1027 392 1084 412 rex
1114 381 1285 419 Hemicus,
1320 380 1453 411 reddere
1486 380 1605 411 debent
1635 381 1820 422 imperatori
1855 381 1904 412 vel
1928 382 1997 412 eius

360 430 425 460 filio
450 430 594 471 predicta
619 431 820 463 condictione
845 435 1007 463 manente.

463 484 490 512 4.
515 482 671 513 Iurabunt
694 482 826 524 insuper
849 483 1009 515 Astenses
1028 510 1033 516 .
1053 510 1058 515 .
1085 485 1263 516 castellano
1288 485 1327 516 de
1351 484 1444 515 Nono
1469 487 1501 515 et
1524 484 1706 515 hominibus
1732 484 1771 514 de
1787 484 1891 521 Nono,
1916 494 1996 525 quos
2037 491 2047 507 f·

359 533 518 563 Astenses
550 534 724 575 elegerint,
755 535 840 576 quod
870 545 933 566 non
963 536 1072 567 ledent
1102 540 1133 567 et
1160 547 1223 567 non
1255 546 1372 567 nocere
1398 536 1448 567 vel
1477 535 1587 567 ledere
1612 536 1750 567 faciantc
1773 537 1998 577 possessiones

360 594 470 615 eorum
495 585 547 615 vel
572 589 714 625 tenutas,
746 597 825 628 quas
859 587 980 618 habent
1003 588 1034 618 in
1059 588 1206 619 districtu
1230 588 1363 619 Astensi
1388 587 1439 618 vel
1463 598 1542 629 quas
1573 587 1740 619 habebunt
1765 588 1813 618 vel
1838 588 1997 619 Astenses

359 636 404 666 eis
434 636 641 669 reddiderint.
695 637 849 669 Similiter
881 639 1077 670 castellanus
1108 643 1140 670 et
1168 640 1315 670 homines
1346 639 1385 670 de
1410 638 1512 675 Nono,
1544 649 1622 680 quos
1646 639 1805 670 Astenses
1830 640 1997 680 elegerint,

359 688 520 727 iurabunt‚
546 689 630 730 quod
656 689 717 731 ipsi
741 700 804 720 non
821 690 931 721 ledent
948 691 1107 722 Astenses
1126 692 1157 722 in
1181 692 1325 733 personis
1346 701 1456 722 eorum
1475 691 1526 721 vel
1544 690 1651 729 rebUS,
1676 691 1707 721 in
1724 692 1996 733 possessionibus,

358 740 387 769 in
420 740 554 779 tenutis,
586 751 664 782 quas
696 752 780 772 nunc
811 741 931 773 habent
962 743 1013 773 vel
1045 743 1218 784 imperator
1249 743 1352 774 adhuc
1381 743 1427 773 eis
1460 742 1648 781 reddiderit,
1677 753 1734 784 per
1762 746 1860 774 totam
1886 754 1995 774 eorum

359 791 489 822 forciam
515 796 546 822 et
569 792 758 831 districtum,
783 793 868 824 bona
892 794 954 825 fide
979 797 1010 825 et
1035 795 1104 825 sine
1128 794 1241 825 fraude
1266 794 1426 825 custodire
1451 797 1483 825 et
1507 805 1636 825 servare
1659 795 1837 836 predictum
1857 798 1994 825 castrum

358 843 544 884 imperatori
570 848 602 874 et
626 845 759 886 imperio
785 849 817 875 et
841 846 910 886 regi
934 846 1077 877 Henrico
1104 846 1157 883 ita,
1182 846 1265 887 quod
1290 846 1369 876 nulli
1394 856 1531 887 persone
1556 845 1693 876 reddent
1717 846 1831 887 ipsum,
1856 847 1917 877 nisi
1936 847 1993 877 im-

357 895 496 935 peratori
522 896 573 926 vel
606 896 675 927 eius
705 896 767 927 filio
798 898 875 938 regi.
921 897 1060 940 Insuper
1085 897 1235 928 iurabunt
1259 898 1456 928 castellanus
1484 901 1516 928 et
1540 897 1686 928 homines
1711 897 1750 928 dc
1775 897 1879 934 Nono,
1910 898 1993 940 quod

357 946 501 977 inimicos
530 947 580 977 vel
614 948 776 978 inimicum
807 949 994 980 Astensium
1024 953 1234 980 manutenere
1266 960 1328 980 non
1359 949 1478 980 debent
1507 960 1566 980 nec
1596 949 1724 990 aliquod
1757 950 1912 980 auxilium
1945 951 1994 981 vel

357 998 526 1028 consilium
552 999 738 1040 impendere
763 1000 802 1030 de
828 1000 972 1042 predicto
997 1004 1101 1032 castro
1126 1012 1184 1032 seu
1209 1002 1284 1032 villa
1309 1004 1419 1032 contra
1442 1001 1613 1032 Astenses.

460 1052 489 1080 5.
514 1049 556 1081 Et
580 1051 741 1082 Astenses
772 1052 816 1083 ire
848 1056 880 1083 et
908 1053 1012 1083 redire
1044 1053 1164 1083 habent
1193 1063 1250 1093 per
1280 1055 1380 1083 totam
1409 1052 1608 1083 Nenensium
1641 1052 1772 1083 forciam
1802 1054 1906 1084 securi
1931 1057 1994 1085 tam

356 1104 502 1142 tempore
528 1113 644 1143 guerre
670 1113 764 1144 quam
790 1104 886 1145 pacis.
933 1103 975 1134 Et
999 1104 1024 1134 si
1051 1104 1227 1134 necessitas
1250 1103 1446 1135 Astensibus
1472 1103 1644 1142 incumbet,
1674 1105 1771 1135 liceat
1794 1105 1840 1135 cis
1865 1105 1894 1135 in
1920 1106 1995 1137 villa

356 1163 390 1182 se
415 1153 569 1195 recipere.
600 1166 663 1185 non
688 1155 726 1185 ad
753 1156 944 1186 manendum
972 1166 1029 1186 nee
1055 1156 1098 1185 ita
1122 1155 1205 1196 quod
1231 1155 1305 1186 inde
1327 1166 1474 1196 guerram
1492 1155 1633 1186 debeant
1650 1156 1768 1193 facere,
1794 1156 1849 1187 sed
1868 1158 1894 1187 si
1912 1157 1995 1189 forte

355 1204 429 1234 illuc
454 1205 554 1245 fugati
577 1206 706 1241 fuerint.
736 1206 906 1238 Nonenses
932 1218 987 1237 eos
1011 1207 1186 1238 defendent
1210 1208 1292 1238 infra
1317 1208 1439 1243 villam,
1472 1207 1521 1238 vel
1547 1208 1609 1238 alie
1635 1218 1711 1238 easu
1736 1209 1810 1239 illuc
1835 1210 1993 1242 venerint.

458 1258 486 1287 Γ).
512 1257 582 1288 Heu
607 1259 711 1288 onmia
735 1259 911 1300 imperator
935 1262 967 1289 et
994 1259 1078 1289 filius
1105 1259 1172 1289 eius
1196 1258 1358 1289 IIenricus
1384 1270 1440 1289 rex
1465 1262 1534 1289 rata
1563 1259 1728 1290 habebunt
1753 1263 1784 1290 et
1808 1261 1990 1301 servabunt,
2019 1268 2030 1286 ’Ξ

354 1309 378 1338 si
405 1309 572 1345 Astenses,
604 1320 665 1350 que
696 1321 751 1351 pro
783 1314 873 1351 parte
905 1322 963 1341 sua
988 1322 1117 1342 servare
1146 1312 1346 1353 promittunt.
1376 1312 1597 1343 observabunt
1622 1313 1705 1343 bona
1729 1314 1806 1346 fide:
1837 1315 1922 1356 quod
1950 1316 1993 1346 sic

354 1360 490 1401 intelligi
520 1362 681 1397 volumus,
717 1362 741 1391 si
766 1373 827 1392 non
857 1362 977 1393 fuerint
1006 1363 1037 1393 in
1067 1363 1216 1401 consilio,
1250 1363 1334 1405 quod
1364 1363 1512 1394 dominus
1544 1365 1719 1406 imperator
1743 1366 1792 1396 vel
1816 1366 1900 1397 filius
1925 1367 1994 1398 eius

354 1412 515 1443 Hem-icus
541 1424 598 1443 rex
624 1417 763 1444 castrum
788 1413 870 1444 Noni
896 1415 946 1445 vel
972 1415 1079 1445 villam
1104 1415 1227 1456 perdat.

459 1467 486 1495 7.
513 1465 582 1495 Hee
607 1466 781 1496 convencio
807 1466 935 1497 durabit
966 1478 1022 1508 per
1046 1467 1187 1508 quinque
1213 1478 1324 1503 annOS,
1358 1471 1509 1498 manente
1542 1472 1700 1510 perpetua
1725 1469 1928 1501 condictione
1953 1471 1993 1501 (le

355 1520 460 1547 castro
491 1517 634 1558 predicte
665 1528 726 1548 non
757 1517 920 1548 reddendo
952 1519 1046 1548 alicui
1071 1529 1206 1560 persone
1236 1530 1341 1560 neque
1366 1530 1424 1560 per
1447 1519 1577 1550 feudum
1603 1531 1707 1561 neque
1732 1532 1789 1562 per
1812 1522 1989 1562 guardiam,

356 1569 414 1599 nisi
440 1569 517 1610 ipsis
543 1569 753 1608 Astenffibus,
778 1569 954 1600 secundum
979 1570 1062 1611 quod
1089 1571 1237 1612 superius
1262 1571 1453 1601 continetur.

458 1620 574 1651 Actum
601 1629 698 1661 super
721 1621 886 1662 pallatium
912 1622 1046 1663 predicti
1071 1623 1275 1664 imperatoris
1299 1623 1339 1654 de
1363 1623 1515 1654 Taurino.

458 1672 675 1703 [nrm-fuerunt
699 1673 844 1703 dominus
862 1673 1054 1705 Guillelmus
1072 1675 1221 1705 Astensis
1240 1675 1423 1717 episcopus.
1449 1675 1631 1707 Gandulfus
1649 1677 1830 1717 prepositus
1848 1677 1993 1708 eiusdem

355 1725 503 1762 ecclesie⁷
533 1724 680 1754 dominus
711 1724 873 1755 Ilenricus
899 1725 1056 1757 Guercius
1082 1727 1233 1757 marchio.
1263 1727 1432 1768 Aycardus
1457 1727 1496 1757 de
1514 1728 1695 1768 Vegianno,
1727 1728 1867 1758 Grossus
1892 1728 1991 1759 Brisi—

353 1778 450 1811 ensis.
467 1777 563 1807 Valla.
588 1777 626 1807 de
644 1777 778 1813 Alferie,
804 1778 942 1818 ogerius
967 1789 1066 1820 nepos
1084 1779 1161 1811 cius,
1188 1779 1351 1809 Ottolinus
1369 1778 1536 1819 Grignffla,
1562 1780 1730 1810 Rubaldus
1748 1780 1990 1820 Gardinensis‘¹‚

354 1828 546 1859 Guillelmus
575 1829 748 1870 Aquensis.
780 1829 999 1860 Arthcmanus
1029 1830 1234 1862 camerarius.
1267 1830 1423 1861 Rodulfus
1454 1831 1555 1862 frater
1584 1832 1668 1867 eius.
1700 1831 1858 1862 Rodulfus
1890 1832 1994 1863 scriba

353 1881 449 1918 curie,
478 1880 671 1911 Lambertus
701 1881 740 1912 (16
770 1881 954 1922 Nivimstga.
988 1882 1172 1913 Ilermanus
1203 1882 1243 1912 (16
1274 1882 1362 1913 Ilore
1393 1886 1424 1912 et
1453 1882 1616 1913 Ilenricus
1646 1883 1685 1914 de
1703 1883 1790 1914 Vase
1821 1887 1853 1914 et
1886 1884 1993 1925 plures

352 1932 405 1962 alii
429 1935 540 1964 testes.

456 1984 525 2024 Ego
551 1984 707 2014 Martinus
732 1985 906 2025 imperialis
931 1986 1003 2015 aule
1028 1985 1173 2016 notarius
1200 1989 1232 2016 et
1256 1985 1448 2027 Papiensise
1473 1987 1600 2016 interfui
1625 1990 1656 2016 ot
1681 1990 1832 2028 precepto
1857 1986 1990 2028 predicti

352 2035 470 2065 domini
497 2036 700 2076 imperatoris
726 2036 783 2066 hoe
808 2037 1054 2067 instrumentum
1081 2037 1204 2079 scripsi.

484 2349 581 2400 277.
628 2348 1096 2402 INNOVATIO
1144 2349 1379 2403 PACIS
1421 2350 1856 2403 FRANGIAE

924 2427 1425 2482 RHENENSIS.

1016 2521 1122 2557 1179.
1151 2521 1258 2557 Febr.
1284 2523 1340 2557 18.

452 2627 621 2666 Sin—(fulmo
644 2627 697 2657 hoe
720 2630 948 2659 monummfum
979 2629 1040 2659 inm
1068 2640 1096 2660 α,
1120 2631 1202 2659 1840
1231 2630 1393 2670 dem-ipsit
1415 2631 1464 2661 vir
1487 2630 1515 2662 (Ζ.
1543 2630 1652 2662 Oemer
1673 2632 1952 2670 Frmwofhtrlamts
1974 2643 1988 2661 a

349 2678 446 2711 codiee
476 2679 603 2709 Massa-27
635 2679 817 2709 Britannici
844 2680 1026 2711 Ilm-(amolo
1049 2682 1133 2711 2800
1163 2682 1264 2719 rahe,
1293 2682 1365 2713 olim.
1395 2683 1575 2713 „marasim-ii
1605 2683 1725 2714 ordinis
1753 2683 1987 2715 Praemonstm-

451 2772 514 2798 276.
539 2777 560 2803 c)
580 2775 720 2805 suppletum
742 2784 756 2797 (ι
778 2775 807 2798 B.
931 2774 954 2801 (Ι)
974 2776 1101 2800 Gai-dinus
1116 2777 1152 2802 A:
1179 2776 1276 2801 (nu-disi
1296 2778 1374 2801 codex
1393 2778 1484 2801 habero
1501 2778 1606 2802 videtur.
1728 2778 1751 2810 e)
1771 2779 1893 2811 presbiter
1912 2788 1930 2803 ‹·.
1951 2788 1987 2804 se-

348 2816 456 2839 cundum
477 2816 507 2840 12¹.

2024 748 2048 765 10

2023 1007 2046 1024 15

2018 1531 2042 1549 25

2020 1792 2044 1810 ³0

2019 2054 2043 2072 35

2014 2701 2039 2718 ⁴0
