2205 3072
322 149 382 177 (560
577 146 758 171 HADRIANI
777 146 796 171 Ι.
816 145 1010 171 DECRETUM
1032 145 1075 170 DE
1094 144 1358 171 INVESTl'l'URIS.
1395 145 1548 171 772—795.
1584 145 1632 171 Nr.
1641 145 1700 172 446.

321 243 430 272 regem
456 232 612 272 duxitque
638 232 669 262 in
698 232 928 273 captivitatem.
1018 232 1064 272 (5)
1088 231 1215 262 Deinde
1240 236 1415 262 reversusW
1440 231 1576 261 Romam
1602 232 1788 273 constituit¹
1812 235 1958 263 sanctam

322 284 384 313 ibiy
410 283 566 324 synodum
591 294 662 313 cum
682 283 822 314 Adriano
848 294 932 324 papa
957 283 988 313 in
1012 283 1210 324 patriarchio
1228 282 1400 313 Lateraniz
1423 283 1455 313 in
1472 282 1633 313 aecclesia
1649 283 1750 313 sancti
1770 282 1959 314 Salvatoris.

321 334 390 369 Que
416 335 677 365 reverentissime
703 334 867 365 celebrata
892 337 941 365 cst
964 345 983 364 a
1007 334 1032 364 O
1057 334 1288 375 quinquaginta
1312 334 1436 364 tribusa
1458 334 1553 364 virisb
1578 333 1858 374 religiosissimisc,
1884 335 1952 376 epi-

321 386 424 426 scopis
449 389 480 415 et
505 385 689 422 abbatibus,
717 385 821 416 adbuc
846 387 944 416 etiam
969 397 987 416 a
1011 385 1169 416 iudicibus
1193 388 1224 415 et
1251 385 1335 426 legis
1359 384 1544 415 doctoribus
1569 388 1601 415 et
1624 385 1664 415 ab
1689 386 1847 416 universis
1872 386 1956 416 ordi-

321 435 412 466 nibus
450 440 482 466 et
515 436 721 476 1·egionibus‘¹
751 437 845 467 huius
880 437 964 467 alme
992 436 1081 466 urbis
1110 440 1142 467 et
1173 447 1191 467 a
1220 439 1334 466 cuncto
1368 436 1518 477 populo⁹‚
1552 435 1655 466 cleros
1677 440 1788 466 sancte
1812 436 1957 468 Romane
1997 452 2009 470 ⁵

320 488 509 523 aecclesiae,
543 488 787 528 exquirentibus
818 499 894 518 usus
924 488 1081 529 legesque
1105 492 1138 518 et
1162 492 1286 518 moresg
1310 490 1342 517 et
1366 487 1634 528 quemadmodum
1659 487 1792 518 hereses
1817 492 1849 518 et
1873 488 1958 519 sedi-

320 538 445 568 tionesh
470 539 614 569 abolerei
638 542 782 580 possent,
813 539 874 570 dek
899 539 1078 580 apostolica
1110 539 1187 569 sede
1221 542 1253 569 et
1284 539 1324 569 de
1349 538 1506 579 dignitate
1531 539 1718 580 patriciatus
1744 539 1787 569 et¹
1812 539 1958 570 Romano

320 590 465 630 imperio7
497 601 537 620 ex
569 590 684 631 quibus
718 591 866 621 omnibus
898 591 1014 621 nimius
1046 601 1135 621 error
1160 590 1329 620 crescebat
1352 590 1503 620 universo
1528 590 1634 621 orbim.
1679 590 1823 631 Populus
1850 591 1958 632 itaque

319 640 504 671 Romanusn
537 652 624 671 more
659 642 752 672 solito
782 642 888 683 legem
921 641 1113 672 condebat0.
1170 641 1233 672 Sed
1265 641 1394 671 difficile
1424 644 1494 671 erat
1524 651 1581 682 pro
1606 651 1798 682 unoquoque
1823 643 1959 683 negocio

320 693 443 722 tociens
478 696 545 722 totv
578 693 609 722 in
639 703 736 723 unum
767 699 995 733 congregareq.
1041 692 1152 723 Under
1176 697 1286 723 suum⁸
1310 693 1358 722 ius
1384 695 1416 723 et
1438 695 1632 733 potestatem
1657 692 1858 733 imperatorit
1882 704 1956 724 con·
1987 711 2011 728 ιο

321 747 498 781 cesserunt.
534 747 648 785 proutu
678 744 809 785 legitur:
842 744 996 785 ‘Populus
1028 745 1135 785 itaque
1166 744 1330 774 Romanus
1360 744 1522 774 concessit
1555 744 1602 774 eiv
1626 744 1713 774 etin
1739 749 1840 774 eumw
1864 755 1958 776 omne

321 806 413 826 suum
439 796 509 825 ius¹
533 799 566 826 et
589 795 807 836 potestatem'.
897 796 944 836 (6)
968 796 1019 826 Ad
1044 796 1125 826 hocy
1149 806 1275 836 quoque
1300 796 1485 836 exemplum
1519 795 1662 836 prefatus
1688 795 1850 826 Adrianus
1875 807 1960 838 papa

320 857 390 876 cum
424 847 508 877 omni
543 848 629 877 clero
655 852 686 877 et
720 848 839 888 populo
864 851 896 877 et
919 848 1071 878 universa
1096 851 1206 877 sancta
1231 846 1354 888 synodo
1379 846 1529 876 tradiditz
1554 845 1676 876 Karolo
1701 851 1838 887 augusto
1863 858 1957 879 omne

320 908 411 928 suum
437 899 485 928 ius
503 902 535 929 et
552 902 744 940 potestatem
764 899 928 939 eligendi²
952 899 1133 940 pontificem
1152 902 1183 929 et
1201 898 1370 929 ordinandi
1388 898 1599 939 apostolicam
1624 897 1743 935 sedem,
1768 898 1958 940 dignitatem

319 959 445 990 quoquc
477 951 686 991 patriciatusb
717 951 884 980 similitere
915 950 966 981 eid
998 951 1168 982 concessit.
1255 949 1304 991 (7)
1329 949 1466 991 Insuper
1489 949 1762 990 archiepiscopos,
1787 951 1956 992 episcopos
1987 967 2009 984 ιε.

322 1011 379 1041 per
403 1001 548 1041 singulas
566 1002 745 1042 provincias
763 1002 802 1032 ab
821 1012 859 1032 eo
882 1002 1105 1032 investituram
1124 1002 1272 1042 accipere
1290 1001 1475 1031 definiuntss.
1514 1000 1592 1031 Post
1609 1001 1668 1031 hec
1686 1002 1959 1032 consecrationem

320 1052 523 1093 suscipiants.
554 1052 639 1083 unde
670 1053 846 1093 pertinetss:
880 1054 924 1083 ita
955 1057 1062 1083 tamen
1094 1056 1129 1083 ut
1159 1053 1282 1083 abolita
1313 1053 1354 1082 sit
1378 1055 1521 1082 veterum
1546 1052 1709 1082 sententia
1732 1063 1904 1094 moresque
1929 1054 1960 1083 in

321 1107 496 1144 posterum.
527 1107 684 1144 quatenus
709 1115 803 1135 nemo
828 1115 886 1145 per
911 1105 1135 1145 cognationem
1161 1105 1211 1135 vel
1236 1115 1294 1145 per
1317 1104 1498 1134 amiciciam
1524 1107 1578 1133 aut
1603 1114 1661 1144 per
1684 1104 1876 1144 pecuniamh
1899 1105 1960 1135 sibi

321 1155 418 1195 eligat
450 1156 650 1196 episcopum:
681 1155 738 1186 sed
763 1157 822 1186 soli
848 1156 930 1196 regii
954 1156 1138 1187 huiusmodi
1162 1155 1340 1186 reverenda
1362 1155 1522 1185 tribuatur
1546 1155 1691 1185 facultas.
1737 1155 1960 1187 Veruntamen

321 1206 489 1246 quamvisk
513 1217 532 1236 a
561 1207 646 1237 clero
678 1211 710 1237 ct
740 1217 759 1237 a
790 1207 906 1248 populo
931 1208 1038 1248 aliqua
1070 1207 1310 1248 presumptione
1335 1207 1385 1237 vel
1414 1206 1580 1247 religionis
1605 1217 1701 1237 causa
1726 1207 1865 1248 eligatur
1888 1209 1957 1250 epi·
1988 1226 2020 1246 20,

321 1268 436 1299 scopus
449 1258 465 1295 ¹,
491 1258 551 1288 nisi
577 1269 595 1289 a
620 1269 696 1299 rege
721 1258 869 1289 laudetur
894 1262 926 1289 et
950 1259 1152 1293 investiatur,
1178 1269 1196 1288 a
1213 1258 1342 1288 nemine
1361 1261 1578 1289 consecretur.
1668 1257 1717 1299 (8)
1742 1258 1793 1289 Ex
1811 1259 1871 1289 hoc
1888 1260 1959 1301 ipso

321 1312 394 1339 tot¹¹²
418 1310 551 1350 prolatis
577 1310 747 1340 sententiis
781 1309 821 1340 ab
852 1310 1022 1348 universis,
1055 1310 1108 1350 qui
1132 1310 1163 1339 in
1196 1309 1255 1340 hac
1280 1312 1393 1340 sancta
1416 1309 1539 1350 synodo
1564 1311 1752 1351 congregati
1777 1311 1905 1342 fuerant
1930 1312 1960 1341 in

321 1361 448 1391 nominc
473 1360 649 1395 Trinitatis.
676 1361 838 1391 Adrianus
863 1371 947 1402 papa
970 1371 1026 1402 pre
1054 1361 1201 1391 omnibus
1227 1361 1287 1391 hcc
1312 1361 1440 1391 onmian
1465 1362 1634 1400 concessit,
1658 1361 1803 1392 laudavit
1827 1364 1859 1392 et
1874 1362 1960 1392 affir-

321 1412 436 1442 mando
461 1413 636 1442 constituit.
685 1412 735 1442 Ad
767 1412 826 1442 hec
851 1413 970 1443 etiam⁰
995 1412 1177 1443 roborando
1201 1412 1408 1443 subintulitv:
1440 1412 1494 1443 ‘Ut
1519 1413 1545 1442 si
1569 1413 1639 1453 quis
1668 1413 1805 1454 posthac
1830 1417 1962 1444 contra‘l

320 1463 401 1492 hanc
427 1467 570 1494 sanctam
589 1463 747 1504 synodum
765 1467 940 1494 temerator
956 1467 1102 1505 repertus
1119 1463 1216 1494 suerit
1234 1464 1302 1494 sive
1319 1467 1430 1494 contra
1446 1463 1521 1494 hocr
1545 1463 1628 1504 quod
1646 1463 1844 1505 prediximus
1861 1475 1956 1507 repu-
1987 1481 2010 1499 25

320 1515 495 1554 gnaveritfl,
521 1515 750 1556 cuiuscumque
775 1515 892 1556 gradus
917 1515 975 1545 sitt
1000 1515 1049 1545 vel
1074 1515 1195 1545 ordinis
1220 1518 1294 1545 autu
1319 1514 1415 1545 officii
1439 1515 1511 1545 velv
1534 1514 1700 1555 dignitatis
1717 1520 1772 1546 aut
1790 1517 1919 1556 generis
1930 1521 1960 1555 W,

321 1567 401 1596 sciat
426 1577 460 1597 se
485 1567 538 1596 inx
562 1567 642 1597 iram
675 1566 761 1597 beati
786 1566 874 1596 Petri
898 1567 1116 1608 apostolorum
1147 1567 1301 1608 principis
1328 1569 1360 1597 et
1388 1566 1529 1597 omnium
1559 1569 1743 1597 sanctorum
1769 1570 1821 1597 ety
1845 1567 1960 1609 prede-

321 1628 483 1648 cessorum
508 1622 689 1648 nostrorum
715 1628 864 1648 casurum
882 1622 914 1648 et
931 1618 1147 1649 anathematis
1165 1618 1291 1649 vinculo
1310 1617 1517 1658 dampnatum
1540 1618 1774 1658 perpetualiter
1791 1619 1959 1653 victurum,

322 1669 371 1699 inZ
396 1670 763 1700 excommunicationem
788 1680 914 1710 quoque
939 1670 1132 1700 universalis
1157 1670 1340 1700 aecclesiae
1359 1673 1391 1699 et
1408 1669 1514 1699 cuncti
1532 1670 1641 1710 populi
1659 1668 1835 1701 Christiani
1854 1681 1958 1702 emer-

321 1727 465 1755 surun1³;
498 1722 628 1763 insuper
657 1722 717 1752 nisi
742 1733 760 1752 a
784 1722 868 1752 malo
895 1722 1076 1763 resipuerit,
1108 1721 1317 1752 inrevocabili
1342 1721 1439 1751 exilio
1468 1721 1641 1762 puniatur-¹·
1666 1722 1715 1751 vel
1741 1721 1859 1752 ultimis
1884 1733 1958 1764 sup·
1988 1735 2012 1753 30

320 1773 425 1814 pliciis
450 1773 583 1804 feriatur
607 1776 639 1804 et
662 1773 747 1804 bona
770 1774 858 1804 eius⁰
882 1773 1097 1814 publicentur.
1143 1772 1205 1808 Qui
1231 1782 1306 1802 vero
1340 1772 1392 1813 pio
1422 1772 1538 1802 intuitu
1563 1772 1691 1802 custosd
1716 1775 1748 1803 et
1772 1772 1963 1803 observator

321 1825 351 1854 in
382 1825 531 1855 omnibus
565 1825 719 1861 extiterit,
751 1824 985 1855 benedictionis
1016 1824 1153 1864 gratiam
1182 1824 1345 1864 vitamque
1374 1827 1538 1854 etei-name
1562 1833 1633 1854 cum
1663 1823 1810 1854 omnibus
1839 1825 1960 1855 sanctis

321 1876 388 1906 sine
413 1876 492 1907 fines
515 1876 635 1907 habere
660 1879 843 1907 mereaturss
867 1877 899 1906 in
924 1876 1035 1906 secula
1059 1876 1261 1911 seculorum;
1286 1873 1400 1906 amen’.

422 1977 486 2003 4⁴6.
506 1979 536 2009 W)
556 1981 615 2003 Post
635 1981 696 2004 haec
714 1988 832 2004 reversus
851 1985 887 2004 cst
912 1980 938 2004 T.
1027 1979 1052 2010 x)
1072 1980 1126 2003 loco
1146 1979 1275 2003 coustituit
1289 1993 1320 1995 —
1334 1988 1392 2003 cum
1411 1979 1441 2002 T:
1461 1979 1505 2002 ubi
1524 1979 1663 2003 constituta
1682 1983 1720 2003 est
1739 1983 1827 2004 sancta
1845 1981 1958 2012 synodus

320 2030 335 2045 a
353 2022 434 2046 heato.
540 2022 564 2053 y)
584 2023 619 2046 ibi
637 2027 753 2047 sanctam
772 2022 794 2046 2.
815 2022 838 2046 3.
944 2021 966 2051 Ζ)
986 2023 1011 2046 in
1031 2022 1127 2054 palatio
1146 2023 1310 2046 Lateranensi
1329 2022 1447 2046 videlicet
1469 2021 1495 2046 T.
1600 2022 1623 2051 ³)
1644 2022 1663 2046 C
1682 2026 1707 2046 et
1724 2023 1806 2046 tribus
1824 2021 1852 2053 3;
1875 2023 1957 2047 tribus
1986 2034 2009 2052 :35

320 2073 445 2095 superscr.
461 2064 482 2088 1.
554 2064 577 2095 ι1)
597 2065 663 2089 deest
682 2064 705 2089 ⁵2.
724 2064 748 2089 3.
819 2066 842 2093 ⁰)
864 2066 1036 2097 reliogissimis
1057 2065 1078 2089 l.
1150 2063 1174 2095 d)
1195 2065 1362 2097 religionibus
1381 2064 1405 2089 ⁸2.
1424 2064 1447 2089 3.
1524 2064 1546 2097 e)
1567 2065 1633 2089 deest
1651 2064 1674 2088 2.
1694 2064 1717 2089 3.
1743 2065 1769 2090 T.
1840 2065 1864 2097 f)
1883 2066 1960 2090 huius

321 2107 381 2130 add.
402 2107 427 2131 T.
516 2108 540 2138 g)
559 2108 701 2132 eiusdem
720 2108 877 2132 ecclesiae
894 2112 925 2132 et
948 2108 1071 2139 imperii
1090 2107 1151 2131 add.
1172 2107 1197 2132 T.
1268 2106 1293 2139 11)
1313 2111 1336 2131 et
1356 2108 1406 2132 sed.
1427 2108 1478 2133 des.
1491 2106 1515 2132 2.
1586 2106 1603 2138 i)
1622 2108 1753 2132 absolvere
1772 2107 1802 2138 33
1822 2109 1915 2133 aboleri
1936 2109 1961 2133 T.

320 2148 346 2180 k)
365 2153 390 2173 ct
408 2150 438 2173 de
457 2148 480 2173 3.
552 2148 570 2181 1)
590 2154 665 2182 atquc
684 2149 708 2175 3.
778 2153 809 2180 ¹1¹)
828 2151 853 2174 in
867 2151 938 2175 univ.
953 2151 1012 2175 orbe
1025 2150 1049 2175 3.
1069 2150 1095 2174 T.
1176 2149 1201 2182 ¹¹)
1220 2151 1391 2174 Romanorum
1412 2149 1433 2174 l.
1504 2150 1527 2180 0)
1547 2150 1701 2175 concedebat
1715 2150 1735 2175 1.
1807 2151 1831 2182 Ρ)
1851 2151 1917 2176 deest
1936 2151 1961 2176 T.

321 2192 345 2219 ¹1)
364 2193 512 2224 crurgregari
536 2192 562 2216 T.
652 2195 671 2223 r)
691 2194 751 2218 Inde
770 2202 830 2225 ergo
848 2193 872 2217 ⁵2.
892 2193 916 2218 3.
1004 2193 1025 2225 s)
1044 2193 1195 2217 sententiam
1220 2193 1247 2217 Τ.
1335 2192 1353 2222 t)
1374 2193 1471 2224 imperii
1492 2192 1517 2223 13
1544 2193 1664 2225 imperii
1690 2193 1877 2225 imperatori
1896 2198 1961 2218 recte

320 2239 347 2257 ut
365 2234 462 2258 ridetur
487 2235 511 2259 Τ.
616 2234 641 2267 1¹)
660 2237 871 2267 quemadmodum
897 2237 921 2260 T.
1028 2236 1051 2267 v)
1070 2237 1161 2260 Carolo
1186 2236 1211 2260 T.
1316 2237 1346 2265 W)
1372 2239 1397 2260 et
1415 2236 1440 2259 iu
1460 2244 1518 2259 eum
1537 2235 1588 2260 des.
1602 2234 1626 2260 2.
1645 2234 1673 2265 3;
1702 2237 1833 2260 transtulit
1851 2236 1912 2261 add.
1933 2237 1958 2261 T.
1986 2245 2012 2263 4ο

320 2277 345 2306 ¹)
365 2277 403 2300 ius
423 2285 497 2301 suum
517 2276 539 2301 3.
566 2277 592 2301 T.
679 2277 704 2309 Y)
724 2278 770 2302 hec
790 2278 818 2304 1¹.
838 2287 924 2302 eornm
949 2278 974 2302 T.
1080 2282 1102 2308 z)
1121 2278 1246 2303 concessit
1270 2278 1295 2301 T.
1384 2279 1406 2308 Β)
1426 2286 1553 2302 summum
1573 2278 1634 2303 add.
1653 2278 1678 2303 T.
1767 2277 1791 2309 b)
1811 2279 1865 2303 loco
1884 2280 1960 2311 patri-

320 2320 402 2343 ciatus
432 2334 465 2337 ὴ
493 2321 618 2344 concessit
643 2320 673 2344 T:
705 2321 921 2353 principatus,
952 2322 1035 2346 sicut
1066 2322 1221 2346 scribitur
1252 2321 1362 2346 distin.
1386 2320 1427 2346 53.
1451 2322 1620 2346 Adrianus.
1750 2322 1772 2352 c)
1797 2322 1864 2346 deest
1887 2322 1911 2347 ⁴2.
1936 2322 1959 2347 3.

321 2360 345 2391 ¹¹)
366 2362 431 2386 deest
452 2362 473 2386 l.
561 2363 584 2393 e)
604 2363 719 2387 delinivit
737 2363 764 2391 ἒς
785 2364 905 2387 diffinivit
930 2364 954 2388 T.
1026 2363 1049 2393 f)
1071 2364 1137 2388 deest
1155 2363 1178 2388 2.
1198 2364 1226 2393 3;
1249 2364 1376 2396 accipiant
1400 2364 1426 2388 T.
1498 2365 1522 2390 Β)
1542 2365 1667 2396 pertinent
1686 2364 1709 2388 ⁸2.
1730 2364 1752 2388 3.
1778 2364 1803 2389 T.
1875 2363 1899 2395 h)
1920 2373 1960 2396 pe-

321 2406 453 2429 cuniarum
481 2406 652 2437 acceptionem
676 2406 702 2429 T.
808 2405 825 2437 i)
852 2407 1024 2431 Romanorum
1052 2407 1113 2430 add.
1136 2407 1161 2430 T.
1267 2405 1293 2437 k)
1318 2407 1338 2431 si
1366 2407 1399 2431 ab
1424 2408 1542 2431 universo
1567 2408 1633 2432 clero
1657 2412 1682 2432 et
1705 2412 1797 2432 cuncto
1817 2408 1909 2439 populo
1935 2408 1960 2432 T.

320 2446 338 2477 ¹)
358 2457 394 2479 cp.
415 2449 445 2472 cl.
464 2448 487 2472 3.
576 2450 606 2477 ¹¹¹)
627 2449 680 2480 ipso
700 2452 736 2472 tot
755 2449 805 2472 des.
824 2449 849 2472 T.
938 2449 963 2481 ¹¹)
983 2450 1050 2473 deest
1068 2449 1094 2473 T.
1168 2449 1192 2481 0)
1211 2457 1312 2481 quoque
1330 2449 1353 2474 3.
1423 2450 1448 2481 Ρ)
1468 2451 1506 2474 Ad
1525 2451 1573 2474 hoc
1591 2451 1668 2475 etiam
1687 2454 1768 2474 totum
1787 2450 1958 2474 roborandum
1986 2458 2010 2476 45

319 2490 431 2514 decrevit
449 2491 473 2514 T.
580 2492 604 2521 ¹¹)
624 2492 670 2515 hac
690 2495 778 2515 contra
797 2492 847 2516 (les.
865 2492 886 2515 1.
991 2491 1012 2524 Υ)
1032 2493 1077 2516 hcc
1098 2492 1124 2522 13
1150 2493 1196 2516 lioc
1215 2496 1294 2516 totum
1314 2493 1381 2524 quod
1400 2493 1564 2525 produximus
1589 2493 1614 2518 T.
1720 2492 1740 2525 s)
1760 2493 1913 2524 repugnavit
1935 2492 1960 2516 3.

321 2533 340 2558 2)
360 2533 392 2556 sit
411 2534 506 2564 gradus
525 2532 548 2557 ⁴2.
569 2533 591 2557 3.
681 2534 706 2565 u)
727 2534 766 2558 vel
785 2533 808 2558 ⁴2.
829 2534 851 2557 3.
938 2536 962 2560 v)
982 2538 1027 2558 aut
1046 2534 1068 2558 ἱ).
1088 2534 1112 2558 3.
1200 2536 1229 2563 W)
1250 2535 1289 2559 vel
1308 2536 1408 2567 generis
1420 2534 1448 2565 23
1468 2539 1514 2559 aut
1531 2537 1630 2567 generis
1649 2536 1700 2559 des.
1714 2535 1736 2560 3.
1808 2534 1833 2567 x)
1853 2536 1919 2559 deest
1938 2535 1960 2559 l.

320 2579 344 2601 Μ
364 2576 430 2598 deest
448 2576 470 2599 2).
490 2576 513 2599 3.
631 2578 651 2603 Ζ)
671 2577 737 2600 deest
762 2577 786 2599 T
903 2578 925 2602 ³)
947 2578 1109 2600 incursurum
1133 2577 1159 2600 T.
1284 2577 1306 2605 ¹³)
1327 2581 1458 2609 prematur
1481 2577 1506 2601 T.
1613 2579 1635 2607 c)
1655 2579 1678 2602 ei
1696 2577 1719 2601 3.
1825 2576 1850 2609 d)
1869 2578 1958 2601 borum

321 2617 381 2640 add.
401 2618 424 2641 T.
515 2618 537 2649 ⁰)
555 2626 570 2642 a
590 2620 642 2642 Dei·
662 2619 722 2642 add.
743 2619 768 2643 T.
857 2617 880 2649 s)
900 2619 953 2642 sine
973 2620 1022 2643 fine
1041 2619 1092 2644 (Ζεε.
1111 2619 1130 2643 l.
1219 2621 1243 2647 Β)
1265 2624 1391 2644 mereatur
1410 2621 1503 2645 habere
1521 2620 1544 2644 3.
