2205 3072
600 198 777 223 FRIDERIGI
799 198 816 222 I.
837 197 1160 223 CONSTITUTIONEs.
1197 199 1271 224 1162.
1308 198 1352 224 Nr.
1367 199 1424 224 211.
1770 201 1830 230 293

189 287 306 315 statum
326 294 380 325 pre
400 285 516 315 ceteris
535 285 709 325 gloriosum
729 284 873 314 conferre
893 287 1001 325 potest
1018 285 1262 314 incrementum.
1355 286 1400 323 (2)
1427 285 1519 315 Unde
1542 285 1615 326 quia
1635 285 1830 316 Ianuensem

188 336 349 367 civitatem
382 346 399 365 a
431 336 533 377 prima
565 336 612 366 sui
646 335 830 366 fondatione
860 339 955 376 eaput
993 346 1083 366 suum
1116 336 1198 366 inter
1229 336 1309 366 alias
1345 336 1490 367 civitates
1526 337 1702 367 maritimas
1735 337 1831 367 altius

190 387 346 418 extulisse
377 392 408 417 et
438 387 618 428 perspicuis
650 387 801 417 virtutum
834 391 930 428 atque
960 387 1131 417 multarum
1163 387 1359 428 probitatum
1389 388 1540 429 operibus
1574 392 1659 419 terra
1688 389 1831 429 marique

190 439 273 469 omni
293 444 437 480 tempore
455 439 655 480 prepolleree
674 439 831 469 voraciter
848 438 1039 472 audivimus.
1058 439 1180 479 placuit
1201 442 1307 469 nostre
1326 440 1487 470 maiestati
1505 443 1663 470 tantorum
1683 440 1832 471 virorum.

151 501 161 518 ε.
191 490 330 520 omnium
356 490 504 520 videlieet
529 490 733 521 Ianuensium
760 489 947 520 fidelitatem
974 491 1105 530 eligere.
1132 494 1242 520 tenere
1268 495 1299 521 et
1325 501 1394 521 eum
1422 492 1506 521 omni
1533 492 1749 522 benivolentia
1776 502 1832 532 pre

139 758 162 776 10

140 1017 163 1034 15

139 1274 163 1292 '20

141 1795 165 1812 Ro

190 542 260 572 aliis
287 552 478 572 conservare
504 552 624 583 eosque
649 543 679 572 in
705 552 872 572 commune
898 542 1048 582 congruis
1074 541 1165 572 inde.f
1188 542 1364 573 honoribus
1390 546 1421 573 et
1446 543 1656 584 amplioribus
1673 543 1833 573 benefitiis

189 604 318 635 semper
341 593 515 626 honorare,
549 593 719 635 presertim
745 603 815 623 cum
840 604 897 623 nos
923 593 1063 633 ipsorum
1090 593 1231 624 servitiis
1257 598 1288 623 et
1313 595 1450 625 strenuis
1476 595 1641 625 laboribus
1666 597 1833 635 gratanter

189 646 233 675 uti
259 645 398 676 maxime
425 645 455 675 in
480 646 559 675 mari
586 645 751 675 navalibus
777 644 869 675 bellis
896 644 1042 678 velimus,
1074 645 1163 675 iuxta
1188 645 1265 675 illud
1292 649 1398 676 nostre
1425 646 1597 676 voluntatis
1624 646 1833 687 propositum.

189 707 250 738 quo
276 707 338 727 non
364 697 465 727 solum
490 697 520 727 in
546 701 633 727 terra
658 696 712 727 sed
738 697 834 727 etiam
861 696 890 726 in
915 697 993 726 mari
1018 696 1153 737 gloriam
1180 700 1211 726 et
1228 697 1381 727 honorem
1402 697 1535 728 Romani
1554 698 1679 739 imperii
1697 697 1833 727 dilatare

191 749 292 779 modis
334 749 482 779 omnibus
518 754 549 779 et
588 748 794 779 corroborare
836 747 1031 778 intendimus
1066 759 1102 778 ae
1137 748 1370 779 desideranms.
1424 749 1603 790 Eapropter
1635 752 1834 789 cognoscant

189 801 329 831 universi
355 800 469 831 fideles
494 800 618 841 imperii
636 803 804 841 presentes
822 804 853 829 et
871 800 978 834 futuri.
1005 803 1123 840 quanto
1141 801 1246 840 gratie
1263 804 1372 831 nostre
1391 804 1422 831 et
1441 800 1568 831 honoris
1586 801 1690 834 titulo,
1715 804 1835 842 quauta

190 853 353 883 omnium¹3
377 852 601 883 benefitiorum
628 852 810 885 collatione.
836 855 954 892 quanto
979 851 1163 882 dilectionis
1182 852 1399 883 emolumento
1417 853 1579 883 civitatem
1598 851 1718 882 [anueh
1744 852 1833 882 exal-

190 904 319 935 tandam
344 904 441 945 digne
467 903 616 934 duximus
642 906 672 934 et
698 903 927 935 honorandam.
1017 904 1063 944 (3³.)
1090 903 1306 934 Concedimus
1325 905 1409 934 enim
1428 909 1459 935 et
1476 904 1632 934 donamus
1649 904 1834 934 consulibus

191 960 223 987 et
247 956 406 986 communi
424 955 545 985 Ianneh
570 955 598 985 in
622 955 763 991 feudum,
789 960 822 985 ut
840 955 992 996 quociens
1011 959 1114 985 ostem
1134 956 1183 986 vel
1202 955 1439 996 ‹Vexpcr‘litioncm
1459 960 1513 986 aut
1532 957 1708 986 exercitum
1727 956 1834 986 facere

192 1007 361 1043 voluerint,
388 1007 476 1038 salva
501 1011 608 1037 tamen
633 1006 789 1037 fidelitate
815 1007 981 1048 imperiali.
1008 1007 1149 1038 habeant
1174 1011 1274 1038 totam
1302 1008 1493 1038 maritimam
1519 1020 1536 1038 a
1562 1009 1659 1038 Portu
1684 1007 1833 1038 Monaclii

191 1070 293 1101 usque
318 1059 356 1090 ad
382 1059 513 1090 Portum
532 1059 669 1090 Veneris
701 1059 731 1089 in
763 1059 814 1089 illo
845 1064 924 1095 oste.
956 1059 1100 1089 exercitu
1126 1060 1177 1089 vel
1208 1059 1429 1100 expeditione:
1459 1071 1535 1090 sanc
1561 1060 1618 1090 hoc
1645 1062 1835 1092 statuentes,

191 1115 224 1142 ut
249 1115 381 1153 propter
405 1111 464 1142 hoc
490 1112 520 1141 in
546 1111 662 1141 ceteris
689 1111 810 1141 iustitia
835 1111 985 1141 comitum
1011 1115 1066 1141 aut
1090 1111 1310 1141 marchionum
1337 1122 1398 1141 non
1417 1113 1587 1142 minuatur.
1678 1111 1726 1151 (4)
1752 1111 1835 1141 Item

190 1163 346 1194 donamus
380 1167 411 1193 et
437 1162 643 1193 concedimus
669 1163 699 1192 in
724 1162 853 1193 feudum
880 1162 1063 1192 consulibus
1090 1167 1121 1193 et
1146 1164 1306 1193 conmmni
1333 1163 1455 1194 lanneh
1480 1164 1615 1194 liberam
1640 1166 1834 1204 potestatem

191 1215 332 1256 eligendi
365 1226 405 1245 ex
438 1226 471 1245 se
504 1214 591 1255 ipsis.
621 1214 767 1244 firmandi
798 1219 829 1244 et
862 1214 999 1245 habendi
1027 1214 1175 1245 consules
1202 1219 1233 1245 et
1259 1215 1304 1245 cis
1330 1215 1449 1251 utendi.
1484 1216 1538 1256 qui
1564 1215 1705 1246 habeant
1730 1215 1777 1245 ius
1804 1218 1836 1245 et

192 1267 379 1298 facultatem
405 1267 538 1297 liberam
564 1266 702 1297 faciendi
729 1267 883 1296 iustitiam
909 1270 940 1295 et
965 1266 1118 1307 puniendi
1149 1267 1302 1297 inalcfitia
1333 1268 1362 1297 in
1389 1268 1520 1298 civitate
1551 1271 1582 1297 et
1606 1267 1753 1297 districtu
1778 1277 1834 1296 suo

192 1319 275 1349 bona
300 1319 372 1357 fide,
398 1318 541 1359 legitime
568 1322 598 1348 ct
624 1317 799 1349 secundnm
826 1318 926 1348 bonos
953 1328 1057 1348 mores
1083 1319 1181 1359 ipsius
1208 1319 1355 1349 civitatis.
1404 1319 1444 1349 Et
1465 1319 1509 1349 cis
1529 1319 1622 1349 aliam
1641 1321 1833 1360 potestatem

191 1381 254 1401 non
278 1371 479 1411 inponemus.
570 1370 617 1410 (5)
645 1370 796 1400 l‘reterea
819 1373 922 1399 eastra
942 1370 1056 1403 omnia,
1082 1374 1201 1410 portus.
1227 1370 1360 1410 regalia.
1386 1371 1621 1411 possessiones,
1647 1371 1716 1400 iura
1734 1374 1765 1400 et
1784 1380 1834 1400 res

191 1423 370 1454 universas.
396 1433 474 1462 quas
500 1422 529 1452 in
556 1421 768 1451 citramarinis
794 1421 858 1451 vel*
883 1421 1100 1451 ultramarinis
1125 1421 1270 1462 partibus
1296 1426 1416 1457 tenent,
1444 1422 1563 1452 liabent
1582 1422 1631 1451 vel
1658 1421 1835 1463 possident,

192 1474 265 1504 velk
289 1474 369 1504 alius
394 1484 503 1504 eorum
530 1474 667 1506 nomine,
694 1474 738 1503 eis
757 1472 962 1503 concedimus
988 1477 1019 1503 ct
1043 1472 1199 1503 donamus
1225 1474 1253 1503 in
1280 1473 1410 1504 feudum
1438 1478 1469 1504 et
1491 1473 1529 1504 de
1547 1475 1651 1515 gratia
1675 1478 1783 1504 nostra
1808 1474 1836 1503 in

194 1530 386 1567 perpetuum
418 1525 576 1566 imperiali
610 1525 800 1555 auctoritate
833 1524 935 1554 modis
969 1525 1116 1555 omnibus
1142 1525 1377 1555 confirmamus.
1425 1525 1646 1566 Proprietates
1671 1529 1778 1555 autem
1805 1529 1837 1554 et

194 1577 313 1608 allodia
337 1587 447 1607 eorum
473 1577 517 1607 eis
542 1577 643 1607 libere
669 1576 886 1607 concedimus.
976 1578 1024 1617 (6)
1051 1576 1131 1607 Item
1158 1576 1364 1607 concedimus
1390 1581 1422 1607 et
1447 1577 1559 1607 damus
1586 1578 1631 1607 eis
1657 1578 1687 1607 in
1706 1576 1837 1607 feudum

193 1628 418 1659 Siracusanam
449 1629 610 1659 civitatem
644 1639 714 1659 cum
740 1629 941 1670 pertinentiis
967 1630 1033 1659 suis
1059 1629 1206 1659 omnibus
1232 1633 1263 1659 et
1287 1629 1443 1660 ducentas
1469 1630 1703 1671 quinquaginta
1728 1630 1836 1660 cabal-

193 1680 287 1711 larias
318 1684 402 1711 terre
434 1681 464 1711 in
497 1681 580 1710 valle
606 1680 691 1710 Notli
723 1680 761 1710 ad
791 1681 997 1711 caballarium
1023 1681 1107 1711 illius
1133 1685 1230 1711 terre:
1261 1685 1291 1711 et
1322 1682 1345 1711 si
1376 1681 1457 1712 forte
1490 1682 1531 1711 ibi
1558 1682 1670 1719 deerit⁷
1697 1682 1726 1712 in
1752 1686 1835 1711 terra

192 1732 316 1763 comitis
354 1732 493 1762 Simonis
529 1731 610 1773 quod
649 1732 786 1762 defuerit
822 1732 1033 1773 compleatur.
1088 1732 1241 1763 l'reterea
1277 1733 1483 1763 concedimus
1521 1737 1552 1764 et
1581 1733 1694 1763 damus
1725 1734 1771 1763 eis
1807 1734 1836 1762 in

195 1784 322 1815 feudum
349 1785 378 1814 in
404 1794 597 1825 unaquaque
624 1784 754 1815 civitate
779 1784 948 1816 maritima.
972 1795 1032 1825 que
1058 1785 1195 1826 propitia
1219 1784 1387 1815 divinitate
1413 1797 1430 1815 a
1453 1785 1543 1815 nobis
1562 1789 1656 1827 capta
1673 1786 1770 1815 fuerit
1789 1785 1836 1815 vel

194 1836 286 1866 nobis
311 1835 434 1866 reddita
458 1835 583 1873 deindo,
615 1846 726 1876 rugam
759 1847 853 1866 unam
881 1847 990 1866 eorum
1017 1837 1275 1876 negotiatoribus
1302 1836 1562 1867 eonvenientem¹
1594 1848 1664 1867 cum
1691 1837 1838 1869 esa-lesia,

193 1888 321 1923 balnem
348 1888 475 1918 fundico
501 1891 532 1918 et
558 1888 658 1918 furno.
750 1889 795 1927 (7)
823 1887 1037 1918 (Joneedimus
1062 1899 1188 1929 quoque
1214 1889 1271 1922 eis,
1302 1893 1335 1918 ut
1362 1889 1391 1919 in
1418 1889 1524 1930 aliqua
1550 1893 1644 1925 terra.
1679 1900 1774 1930 quam
1800 1888 1838 1918 de

194 1943 301 1970 cetero
327 1942 457 1970 auctore
476 1939 571 1969 Deo¹¹¹
597 1940 863 1980 conquisierimus
889 1951 998 1970 eorum
1024 1941 1165 1970 auxilio¹¹
1190 1940 1374 1979 assistente,
1399 1942 1520 1971 nullum
1545 1941 1691 1972 (nictum.
1717 1941 1837 1970 nullum

195 1991 386 2032 pedaticum.
412 1991 565 2022 datitam⁰
590 1991 778 2032 quamlibet,
804 1992 967 2022 usanciam
995 1993 1043 2022 vel
1069 1992 1305 2033 impositionem
1330 1992 1406 2023 dent
1431 1992 1576 2023 homines
1595 2003 1716 2027 eornm,
1742 1993 1837 2022 etiam

143 2052 165 2070 35·
195 2043 220 2073 si
252 2043 367 2073 abhinc
403 2043 494 2073 nobis
528 2043 653 2073 reddita
693 2043 797 2074 fuerit.
893 2044 939 2083 (S)
970 2043 1186 2074 (loneedimus
1219 2055 1343 2085 quoque
1378 2048 1410 2075 et
1443 2044 1556 2074 damus
1586 2044 1773 2074 consulibus
1807 2048 1839 2073 et

144 2310 169 2328 40

145 2842 154 2859 ᾗ
157 2844 169 2859 υ

194 2095 355 2125 communi
379 2094 502 2125 Ianuch
527 2095 659 2125 liberam
685 2099 878 2136 potestatem
905 2096 1089 2137 expellendi
1108 2096 1323 2126 Provintialcs
1349 2100 1379 2126 et
1397 2096 1617 2136 Francigenas
1643 2099 1757 2126 euntes
1784 2106 1840 2136 per

194 2157 282 2177 mare
316 2147 365 2176 vel
397 2146 593 2177 reddeuntes
626 2158 643 2177 a
673 2147 893 2187 negotiatione
928 2148 1026 2177 totins
1057 2148 1166 2178 Sicilie
1201 2152 1232 2177 et
1262 2148 1360 2177 totius
1385 2147 1545 2178 Maritimo
1578 2152 1609 2177 et
1634 2147 1782 2177 ‹ialam-it·
1809 2152 1837 2176 et

195 2198 313 2239 Apulie
346 2201 378 2228 et
409 2199 512 2228 omnis
537 2198 754 2240 Principatns:
780 2199 978 2229 Venetorum
1010 2199 1119 2233 etiam,
1150 2200 1207 2229 nisi
1241 2200 1300 2240 ipsi
1319 2199 1437 2229 Veneti
1472 2200 1607 2240 gratiam
1643 2202 1782 2229 nostram
1809 2202 1840 2227 et

195 2249 311 2280 bonam
338 2250 536 2280 voluntatem
562 2250 680 2280 fuerint
705 2251 880 2281 consecuti.
970 2251 1016 2290 (a)
1042 2250 1083 2280 Et
1107 2251 1217 2281 (lamus
1243 2252 1301 2283 eis.
1327 2251 1410 2292 quod
1430 2251 1458 2281 in
1478 2251 1581 2285 torris„
1606 2250 1721 2290 quilius
1741 2261 1839 2289 neg-⁴»

196 2302 308 2332 tiatum
336 2302 462 2335 iverint,
487 2301 632 2332 homines
659 2313 769 2332 eorum
796 2302 936 2332 habeant
960 2313 1056 2333 unmn
1078 2303 1125 2332 vel
1148 2303 1227 2333 duos
1246 2304 1294 2333 vel
1320 2303 1426 2344 plures
1445 2302 1656 2336 lanuenses¹¹.
1681 2302 1732 2342 qui
1759 2302 1841 2331 inter

195 2364 249 2382 eos
274 2353 426 2383 iustitiam
446 2353 560 2383 fatiant
579 2358 610 2383 et
628 2354 794 2386 rationem.
821 2358 852 2384 et
870 2354 954 2395 quod
975 2359 1170 2384 mercatores
1189 2365 1299 2385 eorum
1318 2355 1437 2395 ubique
1456 2355 1557 2384 libere
1577 2354 1701 2395 possint
1721 2353 1839 2383 habere

195 2415 286 2435 suuni
311 2404 455 2445 pondns¹¹
486 2408 517 2434 et
542 2415 631 2435 suam
665 2416 863 2441 mensuram.
896 2406 1013 2446 quibus
1038 2407 1120 2436 inter
1145 2418 1178 2437 sc
1205 2417 1254 2436 res
1280 2417 1469 2447 mercesque
1494 2417 1567 2435 suas
1593 2408 1835 2445 recognoscant.

195 2456 264 2497 (lo)
289 2456 369 2486 Item
402 2456 608 2487 concedimus
643 2460 674 2487 et
705 2456 816 2487 damus
848 2457 905 2493 eis,
937 2457 1031 2498 quod.
1065 2458 1089 2487 si
1120 2458 1190 2499 quis
1221 2458 1374 2488 adversus
1405 2459 1544 2498 aliquem
1572 2457 1764 2487 [amiensem
1792 2456 1839 2485 vel

197 2507 344 2538 homines
369 2508 532 2538 districtus
559 2519 679 2540 eornm.
705 2509 757 2549 qui
782 2509 821 2538 sit
846 2508 1046 2545 lanuonsish„
1072 2510 1122 2540 vel
1147 2510 1177 2540 in
1203 2511 1295 2540 terris
1320 2521 1398 2551 quas
1423 2511 1468 2540 eis
1493 2509 1712 2538 concessimus
1731 2509 1838 2548 queri-

164 2576 167 2584 .
197 2559 332 2589 moniam
358 2559 480 2596 fecerit,
514 2570 577 2590 non
602 2563 751 2590 teneatur
776 2560 945 2591 larinensis
975 2561 1023 2591 vel
1054 2561 1147 2591 homo
1173 2562 1335 2592 districtus
1361 2573 1471 2592 eornm
1498 2561 1705 2601 ‹·ompu=renti
1732 2561 1838 2590 farere

196 2611 364 2648 rationem,
391 2612 449 2642 nisi
474 2616 548 2642 ante
573 2612 751 2642 Ianuenses
778 2612 914 2642 iudices:
941 2613 984 2642 ibi
1010 2613 1137 2654 quidem
1164 2614 1340 2644 s0‹·11ndum
1366 2614 1455 2654 leges
1481 2617 1606 2643 nostras
1628 2612 1787 2642 ltomanas
1808 2615 1837 2641 et

196 2661 298 2692 bonas
318 2663 568 2694 eonsuetudines
587 2674 696 2694 eorum
715 2665 868 2694 iustitiam
888 2665 1005 2695 faciant
1024 2667 1245 2706 conquerenti.
1288 2666 1327 2696 Et
1346 2667 1369 2695 si
1390 2677 1445 2695 nos
1465 2665 1715 2705 prm-operimus.
1741 2664 1836 2693 alii-ui

197 2714 375 2744 faciendam
401 2725 472 2745 esse
497 2716 666 2748 iustis-iam.
693 2717 771 2746 int'ra
799 2717 968 2746 terminum
994 2719 1238 2748 ‹·‹›nv‹=11i‹=11t‹=n1
1265 2719 1291 2747 ei
1319 2718 1470 2747 iustitiam
1495 2717 1615 2746 saciant
1641 2714 1839 2745 laiuienses¹¹

297 2791 362 2817 *211-
387 2796 408 2812 Ν
431 2794 513 2825 'tp-»Fe
537 2794 554 2817 lv
647 2794 667 2815 ¹‘r
689 2795 754 2817 ‹stl
773 2795 796 2818 L’.
890 2799 914 2820 ἐξ)
935 2796 991 2818 «nin3
1014 2795 1038 2820 l:
1058 2805 1130 2818 onnn¹
1149 2796 1165 2809 ''
1263 2795 1286 2817 Νι
1308 2797 1347 2819 ian
1372 2795 1391 2818 l.
1465 2800 1480 2818 'l
1501 2795 1536 2816 lul<
1556 2804 1595 2816 κστ
1621 2794 1638 2817 l.
1712 2792 1735 2816 k,
1755 2798 1798 2816 :1¹11
1813 2794 1837 2815 13.

197 2834 213 2859 ¹)
233 2837 399 2860 conveniente
423 2838 441 2860 l.
531 2839 562 2860 ¹¹¹7
584 2838 636 2860 Deo
655 2842 757 2861 anctore
777 2839 799 2861 :.'.
890 2843 911 2865 Π)
931 2839 1021 2862 ansilio
1043 2839 1063 2862 l.
1152 2843 1175 2864 ¹¹)
1196 2839 1304 2862 ilar-irum
1326 2840 1347 2861 13.
1438 2843 1460 2860 1¹1
1482 2838 1581 2869 pnnnlns·
1604 2837 1622 2860 1,
