2205 3072
139 1289 214 1309 Matth.
226 1292 292 1310 loiz'i.

301 166 362 195 652
712 161 877 187 SYNODUS
897 161 1266 192 QUEDLINBURGENSIS.
1304 162 1376 188 1085.
1414 162 1462 188 Nr.
1476 162 1533 189 443.

405 249 499 279 Anno
517 248 679 278 dominice
702 248 933 278 incarnationis
950 247 1153 278 MLXXXV.
1172 247 1280 279 indict.
1292 248 1385 279 VIII.
1403 248 1474 279 Odo
1497 253 1608 280 sancte
1626 248 1787 280 Ostiensis
1806 250 1944 280 ecclesie

302 302 470 342 episcopus
502 304 534 330 et
571 299 689 341 [domni
727 298 930 341 apostolici]u
960 310 1044 340 pape
1069 298 1218 340 Gregorii
1251 300 1379 340 legatus
1411 300 1569 341 synodum
1593 301 1624 331 in
1649 300 1792 331 Saxonia
1817 301 1847 331 in
1872 302 1944 343 ipsa

301 352 445 393 paschali
471 350 652 382 ebdomada
676 351 761 392 apud
785 350 1047 386 Quintilinburch
1073 351 1213 391 collegit.
1261 350 1320 381 Cui
1345 351 1468 392 synodo
1485 352 1688 383 venerandus
1714 350 1942 394 [Gebehardus

303 403 564 445 Salzlburgensis
598 402 860 444 archiepiscopus
893 402 1050 433 interfuit.
1102 402 1185 433 Item
1219 402 1426 433 Hartwichus
1458 403 1753 444 Magdeburgensis
1781 405 1942 445 archiepi-

303 466 417 496 scopus
450 465 521 485 cum
551 454 616 484 suis
646 454 872 493 suffraganeis.
923 453 1005 484 Item
1035 453 1231 493 suffraganei
1256 454 1531 495 Magontiacensis
1563 455 1703 486 ecclesie
1726 455 1766 485 de
1791 455 1943 487 saxonia.

303 504 630 546 wircenburgensisb
655 508 762 535 autem
788 505 959 546 episcopus
989 507 1021 535 et
1044 503 1310 543 WVormaciensis,
1335 506 1552 546 Augustensis
1577 516 1703 547 quoque
1729 510 1760 536 et
1785 506 1944 537 Constan-

301 558 414 588 tiensis
439 557 478 587 de
496 557 699 594 Alemannia7
724 557 798 597 quia
821 557 883 597 ipsi
909 556 1064 586 canonica
1087 557 1284 587 necessitate
1302 557 1446 599 impediti
1464 558 1574 588 venire
1597 569 1659 589 non
1678 561 1862 600 potuerunt,
1888 569 1946 599 per

301 610 495 650 legationem
521 619 611 638 suam
638 618 671 637 se
696 611 808 638 sancto
835 608 968 638 concilio
994 611 1302 649 representaverunt
1328 619 1428 649 seque
1452 620 1510 650 per
1534 610 1641 639 omnia
1665 609 1806 640 eiusdem
1831 609 1946 651 synodi

302 661 431 691 statutis
456 670 643 690 assensuros
667 659 909 690 mandaverunt.
956 659 1029 689 Rex
1055 659 1151 690 etiam
1170 659 1412 690 Herimannusc
1436 671 1507 691 cum
1533 662 1598 691 suis
1622 661 1820 703 principibus
1840 662 1944 692 eidem

302 712 424 754 synodo
449 712 602 742 interfuit.

411 767 433 795 1.
459 764 539 794 Cum
568 763 665 803 igitur
696 773 806 793 omnes
832 763 923 793 iuxta
948 763 1092 793 ordinem
1117 773 1208 793 suum
1234 763 1468 801 consedissent,
1502 764 1627 805 prolata
1653 768 1726 795 sunt
1749 765 1780 795 in
1805 765 1946 796 medium

302 816 432 847 decreta
464 815 660 856 [sanctorum
690 813 829 856 patrum]
862 814 902 844 de
935 815 1074 855 primatu
1104 814 1191 845 sedis
1223 815 1412 856 apostolice„
1448 815 1532 856 quod
1566 816 1643 846 nulli
1676 827 1827 857 umquam
1852 817 1948 847 liceat

303 869 373 898 eius
405 867 555 897 iudicium
588 869 763 896 retractare
788 867 838 896 vel
870 866 909 896 de
939 866 1007 896 eius
1039 865 1156 896 iudicio
1193 866 1347 904 iudicare,
1383 866 1467 907 quod
1502 870 1533 897 et
1557 867 1655 897 totius
1681 867 1793 908 synodi
1819 868 1948 908 publica

302 919 502 961 professione
533 917 720 948 laudatumd
751 921 783 947 et
814 918 1035 948 confirmatum
1070 921 1132 949 est:
1165 921 1196 947 et
1225 917 1285 947 hoc
1318 918 1427 958 utique
1460 921 1570 948 contra
1602 918 1743 949 fautores
1770 919 1946 954 Heinricie,

302 972 354 1012 qui
384 971 497 1001 fideles
527 970 628 1000 sancti
658 970 746 1000 Petri
780 970 1003 1009 constringere
1028 970 1209 1006 voluerunt,
1240 973 1274 999 ut
1306 971 1671 1001 excommunicationem
1703 971 1821 1002 domini
1849 971 1945 1013 [pape

304 1021 415 1064 su]per
444 1022 635 1052 Heinricum
670 1022 787 1052 factam
820 1032 891 1051 cuin
921 1021 984 1051 illis
1017 1025 1193 1051 retractare
1224 1024 1459 1062 presumerent.
1515 1021 1652 1057 Quidam
1685 1027 1793 1053 autem
1825 1023 1946 1053 Babin-

303 1074 474 1113 bergensis
499 1072 655 1103 cleriouss
677 1073 812 1104 Romani
838 1073 999 1114 pontificis
1024 1073 1174 1114 primatui
1199 1072 1358 1113 derogare
1381 1073 1492 1103 volens
1517 1073 1549 1103 in
1574 1074 1712 1104 mediam
1738 1074 1887 1105 sinodum
1912 1085 1947 1105 se

305 1125 439 1156 contulit
463 1136 624 1161 asserenS.
651 1124 815 1155 Romanos
838 1124 1007 1165 pontifices
1025 1124 1109 1154 hunc
1127 1124 1187 1154 sibi
1206 1124 1284 1165 ipsis
1306 1124 1478 1165 primatum
1496 1125 1712 1166 asscripsisse,
1738 1136 1801 1156 non
1818 1125 1948 1156 aliunde

305 1187 494 1207 concessum
524 1176 739 1212 hereditasse,
771 1175 925 1206 videlicet
952 1179 987 1206 ut
1017 1176 1124 1205 nullus
1153 1175 1193 1206 de
1226 1186 1337 1205 eorum
1369 1175 1485 1206 iudicio
1511 1176 1653 1207 iudicare
1678 1177 1796 1208 debeat
1821 1188 1878 1207 nec
1902 1178 1948 1208 illi

305 1229 441 1259 alicuius
477 1228 596 1258 iudicio
633 1228 831 1258 subiaceant.
885 1226 945 1262 Qui
980 1238 1050 1258 cum
1080 1230 1190 1268 aperte
1221 1238 1239 1257 a
1264 1230 1330 1257 toto
1362 1227 1484 1268 synodo
1509 1228 1740 1266 confutaretur,
1772 1229 1948 1270 precipueg
1976 1236 1986 1253 ‘-¹

305 1284 411 1310 tamen
438 1279 469 1322 [a
486 1279 623 1320 quodam
642 1278 737 1320 laico]
764 1279 931 1309 convictus
948 1283 997 1309 est
1014 1290 1070 1320 per
1092 1279 1169 1310 illud
1188 1279 1428 1319 evangelicum:
1454 1279 1537 1309 ‘Non
1559 1283 1606 1310 est
1623 1279 1826 1321 discipulush
1851 1290 1950 1321 super

304 1329 515 1372 niagistrum'.
563 1330 642 1361 Cum
668 1331 752 1361 enim
779 1331 836 1361 hoc
854 1331 1049 1371 generaliter
1066 1331 1095 1360 in
1120 1330 1282 1360 omnibusi
1309 1330 1472 1361 ordinibus
1494 1331 1729 1362 observandum
1749 1330 1947 1373 desputetur,

304 1394 344 1414 ne
370 1383 468 1413 maior
496 1394 511 1413 a
543 1383 664 1412 minore
698 1381 879 1423 iuldicetur‚
910 1382 981 1422 quis
1014 1382 1074 1411 hoc
1099 1382 1217 1412 vicario
1250 1382 1352 1412 sancti
1379 1382 1464 1412 Petri
1496 1382 1661 1423 denegare
1690 1384 1818 1424 poterit.
1853 1394 1948 1424 quem

305 1445 417 1465 omnes
443 1434 592 1464 catholici
618 1445 673 1475 pro
699 1433 827 1464 domino
852 1438 883 1463 et
908 1435 1065 1474 magistro
1090 1438 1296 1464 venerantur.

409 1488 437 1517 2.
463 1486 499 1516 In
525 1485 638 1516 eadem
665 1485 787 1526 synodo
813 1485 969 1515 ordinatio
988 1484 1177 1516 WVezelonis
1198 1485 1378 1526 Magontini
1401 1486 1590 1521 invasorisk,
1616 1487 1711 1516 immo
1734 1497 1845 1516 omues
1864 1485 1948 1516 ordi-

306 1538 454 1568 nationes
479 1538 529 1567 vel
555 1536 827 1567 consecrationes¹
852 1536 892 1565 ab
917 1537 1202 1567 excommunicatis
1229 1535 1376 1577 [factaem
1401 1537 1528 1578 penitus
1553 1537 1662 1568 irritae
1687 1537 1848 1568 iudicatae
1875 1541 1950 1567 sunt

306 1588 408 1630 iuxta]
443 1589 575 1619 decreta
607 1592 789 1619 sanctoruni
821 1591 947 1629 patrum
972 1587 1165 1625 Innocentii7
1197 1587 1351 1623 Leonisn,
1377 1588 1498 1629 Pelagii
1524 1593 1620 1630 atque
1646 1589 1843 1619 successoris
1869 1589 1949 1625 eius,

306 1641 499 1671 sanctissimi
525 1645 629 1681 pape⁰
655 1640 835 1679 G1·eg01-ii¹³.

411 1694 439 1723 3.
465 1692 547 1722 Item
573 1691 675 1732 se{‹·ta
705 1691 861 1732 praedicti
880 1690 1068 1721 lVezelonis
1093 1694 1125 1722 et
1154 1690 1327 1732 sociorum]
1354 1692 1441 1722 eiusp
1466 1691 1523 1721 sub
1547 1691 1753 1721 anathemate
1778 1691 1952 1732 dampnata

307 1748 364 1779 est,
389 1754 470 1784 quae
487 1743 603 1773 asserit
621 1743 784 1772 seculares
803 1743 898 1773 rebus
916 1743 980 1772 suis
998 1743 1180 1783 expoliatos
1199 1743 1421 1773 ecclesiastico
1440 1753 1501 1773 non
1519 1743 1708 1773 subiacereq
1733 1742 1849 1772 iudicio
1876 1742 1947 1784 [nec

306 1795 576 1825 excommunicari
613 1804 707 1835 posse
744 1794 813 1835 pro]
848 1794 913 1824 suis
946 1794 1144 1829 excessibus,
1179 1800 1345 1835 quaequer
1375 1795 1472 1824 etiam
1501 1795 1798 1824 excommunicatos
1825 1795 1949 1834 absque

305 1846 573 1876 reconciliatione
599 1846 696 1886 recipi
720 1856 814 1886 posse
841 1846 1015 1876 contendit.

409 1900 437 1927 4.
463 1898 625 1927 Statutum
651 1900 699 1926 est
725 1896 845 1937 [autem
872 1898 925 1931 ibi,
951 1902 985 1927 ut
1010 1898 1203 1938 quicumque
1228 1897 1268 1927 ab
1294 1897 1447 1938 episcopo
1473 1907 1530 1926 suo
1557 1907 1615 1926 nec
1640 1895 1760 1937 of]ficio
1783 1907 1841 1927 nec
1860 1907 1948 1927 com-

307 1949 455 1979 munione
480 1949 605 1990 privato
637 1950 934 1979 excommunicatus
960 1953 1058 1985 esset,
1089 1949 1150 1979 etsi
1182 1949 1308 1985 iniuste,
1344 1948 1528 1978 nullatenus
1553 1951 1659 1978 tamen
1685 1948 1885 1989 reciperetur
1908 1948 1949 1978 ad

306 2001 563 2030 communionem
591 1999 665 2040 [nisi
691 2000 859 2030 absolutus
886 2001 1108 2031 ecclesiastico
1133 2000 1247 2041 morel.

409 2055 436 2082 5.
464 2050 644 2093 [Similiter-1
670 2055 701 2081 et
726 2062 781 2092 pro
807 2052 977 2092 sacrilegio
1004 2052 1301 2082 excommunicatos
1326 2051 1469 2081 decrevit
1494 2054 1606 2082 sancta
1623 2050 1763 2091 synodus
1781 2061 1842 2080 nou
1865 2051 1947 2081 reci-

307 2103 442 2143 piendos
467 2103 590 2144 absque
616 2104 709 2133 solita
741 2104 1015 2139 reconciliatione,
1049 2102 1122 2145 [etsi
1156 2104 1219 2133 iam
1244 2103 1374 2136 dudum,
1406 2103 1490 2143 quod
1514 2103 1671 2143 sacrilege
1697 2100 1768 2142 sibi]
1796 2102 1948 2132 vendica-

307 2159 447 2191 verunt³‚
473 2154 698 2184 reddidissent.

409 2209 437 2236 6.
463 2206 516 2235 Int
541 2206 653 2236 eadem
680 2206 802 2246 synodo
827 2207 1025 2247 presbiteris,
1050 2206 1250 2238 diaconibus.
1284 2206 1535 2237 subdiaconibus
1560 2208 1716 2246 perpetuo
1741 2205 1829 2235 iuxta
1854 2215 1947 2235 sanc-

307 2263 407 2287 torum
433 2261 557 2297 patrum
585 2257 728 2298 [decreta
752 2256 886 2298 in]dicta
911 2262 960 2287 est
985 2258 1194 2288 continentia.

411 2311 438 2339 7.
463 2309 565 2339 Iten1¹¹
592 2313 745 2339 statutum
771 2313 830 2346 est,
856 2320 895 2339 ne
921 2309 990 2349 quis
1013 2309 1168 2350 deinceps
1191 2312 1278 2339 emat
1296 2309 1345 2339 vel
1364 2309 1482 2339 vendat
1507 2332 1707 2339 .......
1732 2308 1818 2338 alien
1845 2333 1851 2338 .
1877 2333 1882 2337 .
1909 2333 1915 2338 .
1943 2334 1947 2338 .

410 2362 437 2391 8.
464 2360 545 2391 Item
573 2360 741 2401 [statutum
768 2364 828 2394 est,
853 2372 892 2391 ne
918 2361 990 2390 laici
1016 2361 1118 2401 pallas
1143 2359 1267 2401 altaJris
1293 2361 1342 2391 vel
1373 2371 1465 2390 sacra
1489 2371 1566 2390 vasa
1591 2360 1795 2399 contingant.

409 2414 438 2442 9.
464 2412 545 2442 Item
572 2423 610 2442 ne
636 2412 707 2442 laici
726 2412 868 2442 decimas
887 2413 946 2442 sibi
965 2412 1136 2443 vendicent
1154 2413 1184 2442 iu
1207 2413 1438 2453 proprietatem
1457 2413 1545 2443 sivev
1570 2411 1667 2442 etiam
1694 2410 1737 2452 [in
1757 2412 1947 2442 beneficium

308 2464 368 2493 nisi
393 2464 603 2494 concessione
628 2464 844 2503 legitimorum
870 2462 1119 2505 possessorum}

410 2565 472 2590 443.
498 2569 521 2596 ³)
545 2567 715 2598 supplet-sums
743 2576 772 2589 αι’
795 2566 826 2593 B.
855 2567 895 2590 ulu'
923 2572 1004 2591 lamen
1034 2568 1106 2590 rf’rlm
1137 2576 1200 2599 pape
1229 2568 1344 2599 Gregorii
1371 2567 1467 2591 desunt.
1585 2566 1608 2597 ¹¹)
1628 2566 1868 2597 VVitenburgensis'!
1894 2566 1946 2589 cod.

308 2613 330 2629 Ψ»
350 2609 460 2639 seqnitur
480 2610 504 2632 in
525 2610 578 2633 cad.
594 2629 618 2633 ..
639 2618 755 2633 mannus.
860 2608 885 2641 d)
906 2610 1017 2633 iuratum
1033 2618 1171 2640 perperam
1192 2610 1245 2633 cod.
1351 2612 1374 2640 e)
1394 2613 1481 2633 contra
1500 2610 1678 2634 Heinricianos
1698 2608 1728 2631 B.
1830 2607 1852 2634 s)
1872 2611 1948 2632 (luin-

307 2656 393 2683 pertus
413 2652 473 2675 «ild.
488 2652 518 2675 R.
612 2654 649 2677 ,3)
671 2656 815 2684 praestante
823 2656 834 2677 ’Β
853 2653 907 2676 cod.
1002 2652 1026 2679 ¹¹>
1046 2653 1191 2684 discepulus
1210 2653 1263 2676 cod.
1358 2651 1375 2683 i)
1395 2653 1571 2677 ecclesiasticis
1591 2652 1651 2676 add.
1664 2651 1696 2675 B.
1784 2649 1810 2676 k)
1831 2652 1949 2682 Sigen-idi

308 2696 477 2726 Augustensis
495 2700 519 2719 et
539 2696 653 2727 Nol-perti
673 2696 802 2719 (hiiensis
821 2696 882 2719 add.
898 2696 928 2720 B.
1017 2695 1033 2722 Γ)
1053 2697 1223 2720 coniectiones
1243 2696 1296 2719 rod.
1368 2696 1400 2723 ¹¹³)
1420 2696 1473 2719 loeo
1492 2696 1523 2719 ab
1543 2703 1597 2719 exc.
1617 2695 1698 2718 factae
1718 2693 1754 2717 B:
1773 2695 1949 2717 excommuni-

307 2742 428 2761 catoruni.
517 2742 541 2763 ”l
563 2739 634 2769 primi
654 2738 714 2762 add.
731 2738 758 2761 12¹.
836 2738 859 2766 ⁰)
879 2743 958 2762 sanct.
979 2746 1043 2770 pape
1063 2738 1113 2762 des.
1129 2738 1158 2761 Β.
1230 2743 1254 2761 P»
1274 2739 1313 2761 W.
1334 2739 1440 2768 eiusque
1460 2739 1584 2761 sociorum
1604 2737 1635 2760 B.
1706 2740 1730 2758 ‘ll
1749 2736 1874 2760 subiicere
1894 2736 1947 2760 cod.

308 2784 327 2801 ¹²·
347 2788 460 2810 quosque
479 2781 532 2804 cod,
604 2783 624 2805 *l
646 2782 842 2805 vciulicaveraut
855 2781 886 2804 B*
958 2782 977 2811 t)
998 2782 1059 2805 Item
1077 2784 1201 2804 statutum
1220 2785 1256 2804 est
1277 2781 1302 2804 in
1317 2781 1370 2804 mul.
1442 2783 1466 2810 ¹¹⁴1]
1487 2789 1541 2811 cap.
1559 2782 1572 2803 7
1589 2780 1656 2803 deest
1674 2780 1698 2802 [ιι
1713 2778 1743 2802 B.
1815 2779 1838 2809 V)
1859 2786 1905 2802 nec
1918 2778 1949 2802 B.

1975 719 1998 736 lo

1976 980 1997 998 15

1978 1496 2002 1515 25

1977 1752 2002 1770 ³0

1978 2010 2001 2028 35

1977 2276 2002 2293 40

1978 2787 2002 2804 50
