2205 3072
371 159 431 189 228
773 153 956 180 FRIDERICI
977 153 997 179 I.
1017 149 1340 178 CONSTITUTIONES.
1379 149 1453 174 1157.
1489 148 1608 173 Nr.1ss3.

476 245 502 272 7.
527 242 643 272 Nullus
667 241 747 271 filios
771 243 827 270 aut
855 240 936 270 filias
962 249 1072 270 eorum
1096 239 1214 268 invitos
1247 236 1410 277 baptizare
1435 237 1602 276 presumat
1626 237 1690 267 aut,
1725 234 1751 263 si
1777 236 1888 275 captos
1913 234 1942 263 vi
1969 233 2018 263 vel

371 296 478 326 furtim
504 298 612 335 raptos
638 293 687 323 vel
714 295 843 323 coactos
868 291 1092 332 baptizaverit,
1118 289 1287 320 duodecim
1313 287 1410 317 libras
1436 287 1504 317 auri
1525 286 1565 316 ad
1583 286 1722 316 erarium
1740 285 1826 325 regis
1844 285 2018 326 persolvat.

373 347 405 377 Si
431 351 538 376 autem
564 345 679 386 aliquis
705 354 815 375 eorum
841 346 956 384 sponte
981 342 1139 384 baptizari
1164 340 1311 379 voluerit,
1335 338 1440 369 triduo
1465 341 1659 373 reservetur,
1689 340 1723 367 ut
1747 338 1872 377 integre
1897 347 2016 377 cogno-

372 402 493 433 scatur,
518 398 543 427 si
568 407 644 427 vcro
669 396 842 426 christiane
867 395 1033 435 religionis
1058 403 1155 424 causa
1178 396 1233 423 aut
1256 401 1313 433 pro
1338 391 1445 432 aliqua
1467 389 1557 420 illata
1581 389 1642 420 sibi
1667 388 1783 419 iniuria
1805 389 1910 429 legem
1928 399 2017 419 suam

373 450 517 481 deserat:
543 452 575 479 et
599 449 680 478 sicut
704 448 809 488 legem
835 450 962 488 patrum
987 456 1117 476 suorum
1141 444 1357 485 reliquerunt,
1387 442 1431 472 ita
1462 441 1563 471 eciam
1587 441 1770 482 relinquant
1794 440 2017 472 hereditatem.
2060 452 2070 468 5

475 502 504 532 S.
530 500 693 541 Manoipia
717 509 844 541 quoque
870 508 979 529 eorum
1008 507 1135 538 pagana
1164 495 1272 526 nullus
1303 494 1362 524 sub
1387 493 1522 524 obtentu
1547 492 1721 523 christiane
1750 492 1916 533 religionis
1941 493 2020 534 bap-

373 554 474 583 tizans
505 563 523 583 a
552 552 686 582 servicio
718 561 828 581 eorum
858 553 998 581 avertat:
1031 548 1113 590 quod
1143 548 1169 578 si
1199 547 1324 583 fecerit,
1355 545 1507 582 bannum,
1538 544 1568 575 id
1599 547 1649 575 est
1673 548 1737 575 tres
1762 544 1859 574 libras
1884 544 2021 585 argenti,

374 605 536 646 persolvat
568 607 600 634 et
632 613 759 634 servum
788 602 919 632 domino
951 611 1008 632 suo
1039 599 1163 635 reddat,
1192 609 1305 629 servus
1331 607 1404 628 vero
1430 607 1486 638 per
1510 596 1617 627 omnia
1639 595 1802 637 preceptis
1827 595 1947 626 domini
1973 596 2022 626 sui

377 656 516 693 obediat,
542 656 631 686 salva
655 654 883 685 nichilominus
908 652 1083 683 christiane
1108 651 1182 682 fidei
1206 649 1449 681 observacione.

479 710 508 740 9.
533 708 647 738 Liceat
681 708 726 738 eis
762 706 896 737 ancillas
932 709 964 736 et
1000 705 1141 735 nutrices
1173 702 1373 733 Christianus
1409 700 1530 731 habere
1559 702 1591 730 et
1621 698 1820 730 Christianos
1852 698 1892 730 ad
1923 709 2022 740 opera

374 759 526 791 facienda
549 759 741 795 conducere,
766 758 912 799 exceptis
937 756 1051 787 diebus
1074 756 1165 786 festis
1190 758 1222 786 et
1246 754 1430 785 dominicis:
1456 762 1516 783 nec
1541 751 1602 782 hoc
1627 751 1827 782 contradicat
1849 751 2023 793 episeopus

375 812 425 842 vel
451 811 565 852 aliquis
590 811 736 841 clericus.

484 865 530 895 10.
553 862 625 893 Non
650 863 748 893 liceat
772 862 818 892 eis
844 861 1054 891 christianum
1079 869 1206 890 servum
1233 867 1350 889 emere.

484 918 529 945 11.
555 914 651 950 Quod
684 914 709 944 si
742 913 863 944 Iudeus
894 916 1007 943 contra
1032 911 1251 942 Christianum
1283 909 1334 939 vel
1359 907 1561 939 Christianus
1594 910 1704 938 contra
1728 906 1863 937 Iudeum
1889 909 2021 937 conten-

376 967 469 1001 derit,
498 971 647 1008 uterque,
682 968 777 1007 prout
806 976 858 995 res
888 967 948 1001 est,
985 962 1162 994 secundum
1192 961 1298 1001 legem
1329 970 1420 990 suam
1454 959 1614 990 iusticiam
1643 958 1740 989 faciat
1771 963 1803 989 et
1832 969 1900 989 rem
1931 968 2022 989 suam

376 1019 501 1061 probet.
548 1018 590 1048 Et
621 1018 703 1048 sient
733 1017 809 1047 licet
838 1016 1011 1057 unicuique
1036 1014 1219 1045 Christiano
1249 1023 1305 1054 per
1334 1022 1427 1042 suum
1458 1015 1490 1041 et
1514 1011 1608 1041 unius
1633 1011 1726 1041 testis
1751 1010 1917 1052 utriusque
1941 1010 2023 1050 legis

378 1071 541 1112 publicum
566 1066 780 1100 iuramentum
805 1068 952 1110 probare,
977 1066 1183 1097 fideiussores
1209 1063 1307 1094 ludeo
1332 1074 1391 1104 per
1407 1073 1480 1093 eum
1500 1063 1622 1104 positos
1640 1061 1833 1097 absolvisse,
1859 1062 1903 1092 sic
1921 1061 2024 1091 eciam

378 1123 479 1153 Iudeo
504 1123 601 1153 liccat
624 1132 682 1163 per
707 1131 798 1151 suum
824 1124 855 1151 et
879 1120 972 1149 unius
990 1117 1081 1149 Iudei
1106 1121 1137 1147 et
1159 1117 1252 1146 unius
1271 1115 1447 1145 Christiani
1464 1114 1627 1155 publicum
1644 1114 1858 1144 iuramentum
1876 1113 2025 1154 probare,

378 1175 587 1205 fideiussores
618 1173 800 1204 Christiano
831 1182 887 1214 per
917 1181 990 1202 eum
1021 1170 1143 1211 positos
1173 1167 1365 1205 absolvisse,
1397 1178 1456 1197 nec
1482 1166 1619 1207 amplius
1644 1166 1684 1196 ab
1710 1169 1818 1196 actore
1844 1165 1894 1196 vel
1921 1164 2026 1195 iudice

379 1228 418 1257 sit
443 1226 618 1268 cogendus.

487 1280 529 1308 12.
556 1277 598 1308 Et
627 1288 721 1308 nemo
755 1276 892 1307 Iudeum
926 1274 966 1305 ad
1001 1274 1136 1315 ignitum
1167 1273 1286 1303 ferrum
1321 1271 1370 1301 vel
1405 1270 1445 1301 ad
1474 1270 1611 1301 calidam
1646 1280 1761 1311 aquam
1795 1270 1845 1300 vel
1877 1269 2025 1309 frigidam

379 1334 472 1371 cogat
496 1340 554 1360 nec
580 1329 716 1370 flagellis
742 1328 836 1359 cedat
860 1338 919 1358 nec
944 1328 975 1357 in
1001 1324 1185 1356 carceremb
1210 1324 1325 1358 mittat,
1350 1327 1400 1354 set
1425 1324 1508 1353 iuret
1526 1322 1703 1353 secundum
1722 1322 1827 1362 legem
1845 1332 1934 1352 suam
1953 1324 2026 1362 post

379 1382 594 1423 quadraginta
618 1381 697 1412 dies.
744 1380 860 1410 Nullus
885 1379 1023 1409 testibus
1048 1377 1109 1407 nisi
1135 1376 1229 1407 simul
1256 1375 1364 1406 Iudeis
1389 1378 1421 1405 et
1439 1374 1632 1405 Christianis
1657 1374 1804 1404 convinci
1829 1373 1932 1415 possit
1949 1383 2026 1414 qua-

379 1435 458 1464 libet
481 1434 520 1464 de
546 1444 652 1464 causa.
697 1432 760 1462 l’ro
786 1440 977 1472 quacunque
1003 1440 1036 1459 re
1062 1429 1182 1469 regiam
1208 1427 1461 1469 appellaverintc
1486 1426 1699 1468 presenciam,
1725 1426 1853 1456 inducie
1877 1426 1924 1456 eis
1950 1435 2026 1456 eon-

2050 711 2059 728 l
2062 710 2074 727 O

380 1486 544 1516 cedantur.
592 1484 781 1525 Quicunque
806 1494 861 1513 eos
886 1485 998 1513 contra
1022 1481 1082 1511 hoc
1107 1479 1246 1511 edictum
1273 1483 1416 1509 nostrum
1440 1478 1635 1519 fatigaverit,
1660 1478 1813 1513 bannum,
1838 1478 1869 1508 id
1892 1480 1941 1508 est
1958 1482 2025 1508 tres
2054 1492 2078 1510 ⁴35

381 1538 479 1568 libras
504 1538 582 1569 auri.
609 1536 773 1578 persolvat
797 1534 994 1576 imperatori.

493 1590 536 1620 13.
563 1588 597 1620 Si
622 1588 691 1629 quis
717 1587 872 1618 adversus
897 1586 1036 1626 aliquem
1063 1594 1173 1615 eorum
1200 1583 1365 1613 consilium
1391 1582 1503 1613 fecerit
1527 1585 1582 1612 aut
1606 1582 1656 1612 ei‘l
1681 1582 1851 1613 insidiatus
1877 1582 1971 1612 fuerit
1993 1585 2029 1612 ut

381 1641 555 1675 occidatur,
579 1643 715 1680 uterquc
740 1642 773 1670 et
798 1638 984 1669 consiliator
1008 1640 1040 1667 et
1064 1636 1188 1666 occisor
1212 1634 1382 1665 duodecim
1408 1634 1506 1664 libras
1531 1634 1600 1664 auri
1626 1633 1665 1664 ad
1690 1634 1828 1664 erarium
1853 1634 1938 1675 regis
1955 1644 2027 1675 per-

382 1694 495 1724 solvat.
542 1692 575 1723 Si
609 1702 684 1722 vero
717 1701 788 1721 eum
822 1689 1054 1727 vulneraverit,
1091 1692 1123 1718 et
1154 1698 1216 1718 non
1247 1687 1286 1717 ad
1313 1690 1456 1722 mortem,
1489 1686 1602 1716 libram
1628 1696 1725 1716 unam
1750 1686 1818 1716 auri
1843 1689 2027 1727 componat.

380 1745 422 1775 Et
451 1745 476 1775 si
511 1745 552 1775 sit
583 1754 695 1775 servus
726 1743 778 1784 qui
811 1742 899 1772 illum
929 1740 1082 1771 occiderit
1111 1740 1162 1770 vel
1195 1739 1425 1773 vulneraverit,
1459 1737 1605 1768 dominus
1636 1738 1705 1768 eius
1730 1741 1785 1768 aut
1809 1737 2025 1779 supradictam

382 1797 651 1838 composicionem
678 1795 799 1836 inpleat
823 1797 878 1824 aut
904 1803 1031 1823 servum
1057 1791 1095 1822 ad
1120 1802 1219 1832 penas
1245 1791 1361 1821 trahat.
1409 1789 1501 1825 Quod
1520 1790 1544 1820 si
1567 1800 1623 1831 pre
1640 1793 1831 1831 paupertate
1848 1788 2028 1830 predictum

382 1850 506 1879 solvere
536 1847 732 1889 nequiverit,
765 1846 878 1877 eadem
911 1855 994 1886 pena
1022 1844 1184 1885 plectatur
1212 1854 1275 1884 qua
1307 1842 1361 1873 ille
1394 1842 1524 1883 punitus
1559 1845 1609 1872 est
1640 1845 1783 1883 tempore
1809 1841 1943 1872 Henrici
1968 1841 2026 1871 im-

382 1901 542 1942 peratoris
567 1900 677 1941 proavi
703 1898 813 1931 nostri,
839 1897 892 1938 qui
912 1896 1048 1927 Iudeum
1066 1895 1195 1925 nomine
1214 1894 1331 1925 Vivum
1351 1894 1522 1930 interfecit,
1548 1894 1671 1924 scilicet
1687 1894 1769 1924 oculi
1787 1893 1855 1924 eius
1875 1896 2030 1924 eruantur

386 1957 417 1982 et
442 1952 557 1982 (lextra
582 1962 696 1982 manus
721 1952 917 1991 amputetur.

491 2006 535 2034 14.
561 2003 655 2038 Quod
681 2003 705 2032 si
732 2002 792 2044 ipsi
810 2000 901 2031 Iudei
918 2001 1006 2031 litem
1025 2000 1107 2030 inter
1125 2010 1158 2029 se
1177 1999 1225 2029 vel
1245 2009 1373 2029 causam
1391 1998 1531 2039 aliquam
1550 1997 1722 2028 habuerint
1739 1996 2026 2031 determinandam,

383 2068 400 2087 a
425 2057 490 2086 suis
515 2055 646 2097 paribus
673 2058 704 2085 ct
729 2064 790 2084 non
822 2053 861 2083 ab
888 2053 959 2083 aliis
984 2051 1176 2082 iudicentur.
1224 2050 1265 2080 Et
1291 2051 1315 2080 si
1341 2049 1512 2091 aliquando
1538 2049 1621 2080 inter
1645 2060 1700 2080 eos
1726 2049 1867 2091 perfidus
1892 2049 2027 2079 alicuius

384 2109 427 2138 rci
453 2108 538 2138 inter
563 2118 617 2138 eos
643 2110 736 2147 geste
760 2106 922 2136 occultare
948 2104 1085 2134 voluerit
1109 2103 1288 2138 veritatem,
1321 2102 1361 2132 ab
1393 2112 1429 2132 eo
1460 2102 1512 2143 qui
1539 2105 1588 2132 est
1613 2101 1783 2143 episcopus
1808 2110 1918 2131 eorum
1945 2100 2027 2130 veri-

382 2164 481 2190 tatem
512 2159 625 2189 fateri2
653 2162 797 2198 cogatur.
851 2156 884 2187 Si
915 2159 1023 2187 autem
1055 2155 1094 2185 de
1124 2165 1240 2195 magna
1265 2164 1361 2185 causa
1393 2154 1547 2195 inculpati
1572 2153 1699 2187 fuerint,
1734 2152 1879 2183 inducias
1904 2151 1943 2182 ad
1970 2152 2028 2182 im-

383 2215 565 2253 peratorem
592 2210 742 2249 habeant,
769 2210 794 2239 si
819 2208 990 2239 voluerint.

491 2265 535 2293 15.
562 2262 713 2293 Habeant
747 2264 896 2303 preterea
929 2260 1036 2290 vinum
1076 2269 1185 2290 suum.
1222 2258 1386 2299 pigmenta
1423 2261 1454 2288 et
1490 2257 1635 2287 antidota
1665 2256 1803 2287 vendere
1835 2255 2027 2286 Christianis

384 2315 561 2348 licenciam,
586 2318 618 2345 et
643 2314 725 2344 sicut
751 2312 960 2354 prediximus,
986 2311 1091 2341 nullus
1116 2310 1155 2341 ab
1181 2310 1227 2340 cis
1253 2310 1363 2350 exigat
1381 2309 1554 2350 palefridos
1572 2309 1622 2339 vel
1639 2309 1803 2349 angariam
1822 2308 1872 2338 vel
1891 2307 2029 2348 aliquam

384 2367 592 2397 exaccionem
618 2366 782 2407 publicam
807 2365 857 2395 vel
882 2364 1051 2405 privatam.

487 2418 529 2448 Et
560 2422 594 2448 ut
623 2418 683 2448 hec
715 2416 934 2448 concessionis
964 2415 1140 2445 auctoritas
1171 2413 1256 2444 omni
1290 2424 1349 2444 evo
1383 2413 1536 2443 inviolata
1566 2415 1764 2454 permaneat,
1797 2412 1880 2442 hanc
1909 2415 2029 2442 cartam

384 2470 458 2501 inde
483 2469 641 2500 conscribi
666 2472 698 2500 et
722 2468 821 2509 sigilli
845 2467 948 2498 nostri
971 2466 1174 2507 inpressione
1199 2465 1351 2495 iussimus
1377 2465 1531 2505 insigniri.

486 2521 591 2552 Huius
615 2521 661 2552 rei
686 2524 787 2551 testes
813 2522 900 2550 sunt:
926 2518 1089 2549 Arnoldus
1107 2517 1366 2558 Moguntinensis
1391 2517 1665 2558 archiepiscopus,
1690 2515 1859 2546 Cunradus
1878 2514 2026 2545 Worma-

385 2574 501 2604 cicnsis
542 2573 721 2614 episcopus.
766 2572 931 2603 Gunterus
968 2570 1129 2611 Spirensis
1169 2570 1352 2611 episcopus,
1393 2569 1599 2599 Hermannus
1635 2567 1808 2598 Fal-densis
1846 2567 2028 2608 episcopus,

385 2624 552 2655 Cunradus
577 2625 738 2666 palatinus
764 2634 871 2654 comes
895 2621 988 2659 Reni,
1014 2620 1207 2652 Fredericus
1232 2621 1297 2651 dux
1323 2620 1501 2651 Suevorum
1526 2620 1610 2650 filius
1631 2618 1772 2649 Cunradi
1796 2619 1893 2659 regis,
1920 2628 2029 2648 comes

385 2677 518 2707 Emicho
543 2676 582 2707 dc
607 2676 776 2716 Liningen,
802 2675 932 2706 Ulricus
957 2673 996 2704 de
1022 2673 1243 2714 Hurningens,
1268 2672 1482 2713 Mai-quardus
1507 2671 1547 2702 de
1572 2670 1760 2702 Grunbach.

488 2779 551 2806 163.
576 2779 599 2809 h)
620 2788 720 2804 carcerc
739 2780 792 2803 cml.
881 2780 903 2808 ⁰)
924 2778 1093 2810 appellaverit
1112 2777 1165 2801 eorl.
1254 2775 1278 2808 (ἶ)
1300 2778 1335 2801 eis
1354 2777 1391 2801 ml.
1481 2776 1503 2805 e)
1524 2776 1603 2800 fatere
1622 2775 1676 2799 cml.
1755 2773 1777 2804 f)
1798 2774 1954 2805 Houningen
1974 2773 2029 2797 cml.

2055 1750 2079 1767 30

2055 2008 2079 2025 35.

2055 2267 2080 2284 40

2055 2529 2079 2546 45
