2205 3072
396 159 455 191 264
798 158 980 184 FRIDERICI
1001 158 1020 184 I.
1040 157 1363 183 eoNSTlTUTIONES.
1402 158 1476 183 1160.
1513 157 1630 183 Nr.189.

396 246 504 275 functo
535 256 619 286 papa
653 245 758 274 nullus
788 245 868 275 alius
903 245 948 276 eit
979 245 1239 281 substitueretur,
1271 244 1332 274 nisi
1357 244 1409 284 qui
1434 244 1465 274 in
1490 243 1604 274 eadem
1630 244 1869 285 conspiratione
1896 254 1967 274 cum
1993 244 2039 274 eis

395 297 608 328 convenisset.
655 296 725 326 Hac
750 296 789 327 de
815 307 913 326 causa
931 296 1005 327 XII.
1032 296 1083 327 die
1109 299 1182 337 post
1207 295 1401 326 electionem
1420 295 1528 325 domni
1546 295 1686 326 Victoris
1705 306 1821 337 papae,
1846 307 1884 326 eo
1903 295 2039 326 sedente

397 349 427 379 in
460 348 536 379 sede
565 348 651 378 beati
680 348 783 383 Petri,
816 349 878 378 iam
911 348 987 378 dicti
1019 348 1258 389 conspiratores
1284 347 1408 388 egressi
1433 347 1472 377 ab
1498 347 1586 377 Urbe
1617 347 1657 377 ad
1683 346 1864 377 Cisternam
1889 347 2038 383 Neronis.v

394 400 652 441 derelinquentes
688 410 802 430 venam
836 410 992 440 aquarum
1019 400 1207 433 viventium,
1244 410 1278 429 se
1304 398 1510 429 contulerunt
1541 403 1572 429 et
1600 398 1730 440 ydolum
1763 398 1823 429 sibi
1851 398 2035 429 Rolandum

393 451 619 482 cancellarium
645 453 828 484 erexerunt.
861 450 1014 487 dicentes.
1046 451 1128 481 hunc
1153 462 1225 481 esse
1252 451 1427 491 Syrnonem
1453 450 1597 488 Petrum,
1630 450 1684 491 qui
1709 450 1907 492 apostolieae
1932 450 2035 491 digni-

393 504 466 533 tatis
501 504 623 545 apicem
661 506 725 533 tam
762 502 886 533 nefaria
917 503 1082 533 invasione
1121 502 1281 543 attingere
1315 502 1554 543 presumebatu.
1607 501 1700 537 Quod
1731 501 1811 532 haec
1841 502 2037 543 conspiratio

394 555 501 585 factav
526 555 621 585 fuerit
650 559 682 585 et
712 554 764 585 ille
790 554 852 584 iam
877 553 982 584 dictus
1008 554 1174 585 Rolandus
1199 564 1256 595 per
1280 564 1351 584 eam
1376 553 1436 584 hoc
1462 553 1555 584 modo
1582 554 1785 591 intraveritw,
1812 564 1875 584 non
1892 558 1941 584 est
1958 553 2038 584 ficti-

394 606 488 643 cium,
520 606 576 636 sed
602 606 774 646 relligiosis
800 605 876 636 viris
902 605 941 636 ab
966 606 1019 635 illo
1044 605 1096 646 qui
1122 605 1315 636 manifestax
1338 605 1416 635 facit
1440 605 1576 635 consilia
1601 606 1744 636 cordium
1775 605 1965 636 mirabiliter
1990 608 2041 636 est

394 657 602 688 declaratum.
686 656 734 698 (2)
761 657 844 688 Dum
862 658 942 689 haec
959 657 1084 688 Romae
1102 661 1275 698 agerentur
1293 660 1325 688 et
1341 662 1429 693 nosy,
1454 657 1529 698 quid
1547 668 1644 699 super
1662 662 1750 688 tanto
1770 658 1920 688 scismate
1938 668 2038 698 agen-

395 709 469 739 dum
495 713 591 747 esset,
617 709 700 739 viros
718 710 908 750 relligiosos.
934 710 1194 751 archiepiscopos
1212 709 1362 740 videlicet
1379 713 1411 739 et
1434 710 1611 750 episcopos
1637 709 1902 745 consultaremus,
1927 719 2038 750 super-

397 764 564 795 venerunt.
590 761 680 801 quasi
707 761 793 791 missi
819 772 837 791 a
863 761 943 795 Deo.
968 761 1203 791 Tarentasinus
1228 761 1503 802 archiepiscopus,
1529 760 1628 791 abbas
1654 760 1914 798 Clarevallensis,
1939 760 2040 791 abbas

394 812 674 843 Moremundensis
706 816 737 843 et
769 813 823 842 alii
854 812 988 843 abbates
1017 823 1149 843 numero
1179 812 1306 851 decem,
1345 813 1548 854 postulantes
1582 823 1695 854 pacem
1726 812 2037 843 Mediolanensibus.

395 864 457 899 Qui
481 868 611 905 recepto
629 874 647 894 a
663 863 753 894 nobis
772 864 870 894 verbo
888 864 1004 905 pacisz,
1029 864 1104 894 dum
1121 864 1400 895 111[0(1101110οῐ1505ἃ
1424 874 1480 905 pro
1503 864 1729 905 investiganda
1746 875 1855 895 eorum
1872 864 2036 895 voluntate

395 915 553 950 adn-cuth.
578 921 774 957 acceperunt
798 916 837 946 ab
864 916 911 946 eis
936 916 1000 947 tale
1026 927 1230 957 responsum:
1256 916 1384 946 *Domni
1409 920 1528 957 patres,
1554 926 1612 947 nos
1636 920 1784 947 tenemur
1808 916 1930 947 astricti
1954 916 2036 946 iura-

395 972 502 999 mento
527 967 643 998 domno
668 973 790 1008 papaeu
814 972 846 998 et
870 967 1098 1000 cardinalibus.
1131 968 1215 1009 quod
1249 979 1311 998 non
1336 968 1512 999 debeamus
1543 968 1645 999 redire
1671 967 1711 998 ad
1735 968 1872 1009 gratiam
1897 968 2037 1009 impera·
2082 985 2091 996 *t

394 1020 471 1050 toris
496 1020 563 1049 sine
588 1029 698 1049 eorum
724 1019 898 1052 voluntate.
929 1023 961 1050 et
985 1020 1045 1060 ipsi
1071 1024 1204 1050 econtra
1228 1020 1296 1050 sine
1322 1023 1432 1050 nostra
1457 1020 1622 1051 voluntate
1647 1019 1768 1050 nullam
1792 1030 1904 1061 pacem
1931 1020 2039 1051 facere

395 1069 550 1112 possunt’.
602 1070 852 1112 Responderunt
881 1070 946 1101 eisd
978 1071 1129 1102 abbates:
1165 1071 1244 1101 ‘Vos
1276 1071 1315 1102 de
1348 1075 1475 1102 caetero
1505 1082 1567 1102 non
1599 1072 1755 1102 tenemini
1786 1071 1901 1102 domno
1926 1082 2040 1113 papae,

395 1123 468 1164 quia
492 1126 636 1153 mortuus
665 1121 734 1153 est'.
786 1122 828 1153 Et
858 1123 901 1153 illi
934 1123 1040 1153 statim
1066 1123 1317 1153 subiunxerunt:
1353 1122 1398 1153 *Si
1424 1126 1566 1153 mortuus
1591 1127 1641 1153 est
1665 1134 1765 1165 papa,
1798 1134 1856 1154 nos
1880 1124 1953 1155 ideo
1978 1134 2040 1154 non

396 1185 505 1205 sumus
531 1174 680 1205 absoluti.
706 1174 781 1214 quia
805 1174 1030 1205 nichilominus
1056 1178 1204 1205 tenemur
1228 1175 1456 1209 cardinalibus,
1482 1179 1514 1206 et
1535 1175 1595 1217 ipsi
1620 1178 1770 1206 tenentur
1788 1175 1901 1207 nobis'.
1948 1175 2039 1207 Haec

395 1227 530 1268 predicti
554 1230 662 1268 patres
688 1227 843 1257 abbates⁰
867 1227 898 1257 in
918 1228 1080 1268 responsis
1098 1238 1116 1257 a
1134 1227 1432 1258 Mediolanensibus
1450 1228 1636 1269 accepissef
1659 1227 1821 1259 testificati
1843 1231 1917 1258 sunt
1933 1238 2039 1259 eoram

396 1279 503 1309 multis
529 1278 704 1319 relligiosis
730 1279 814 1309 viris.
862 1278 976 1309 Preter
1001 1279 1079 1310 haec
1096 1280 1196 1310 multa
1215 1280 1439 1320 experimenta
1456 1280 1560 1310 factae
1578 1280 1824 1321 conspirationis
1842 1291 1901 1321 per
1917 1280 2041 1310 litteras

394 1331 425 1361 in
451 1331 501 1360 via
525 1330 746 1372 deprehensas
771 1331 966 1372 acecpimuS,
997 1331 1079 1361 sicut
1104 1331 1238 1361 nuncius
1264 1332 1324 1362 iste
1350 1332 1476 1372 plenius
1502 1331 1580 1362 vidit
1605 1335 1636 1363 et
1660 1331 1790 1363 audivit.
1881 1333 1929 1373 (3)
1955 1332 2040 1362 Sane

396 1394 436 1413 cx
462 1382 619 1413 coneiliog
644 1382 907 1413 orthodoxorum.
933 1383 1015 1412 sieut
1039 1383 1102 1413 alia
1127 1382 1196 1413 vice
1222 1383 1426 1413 meminimus
1445 1383 1535 1414 vobis
1555 1383 1736 1419 mandasse,
1760 1384 1945 1425 generalem
1964 1394 2040 1414 eon-

396 1438 526 1465 ventum
558 1435 796 1475 relligiosorum
828 1434 947 1476 Papiae
978 1434 1163 1467 indiximus,
1200 1435 1238 1465 ad
1272 1445 1367 1476 quem
1399 1436 1510 1466 ambos
1543 1436 1595 1477 qui
1628 1446 1661 1466 se
1696 1435 1846 1466 dixerunt
1873 1435 2040 1467 Romanos

396 1487 579 1528 pontifices.
611 1497 674 1517 non
699 1486 738 1516 ad
769 1486 918 1517 iudicium
944 1486 1107 1518 seculare.
1141 1487 1223 1516 sicut
1247 1497 1302 1517 ora
1333 1487 1533 1517 mendacium
1559 1491 1722 1522 astruunt.
1756 1487 1812 1518 sed
1837 1487 1876 1518 ad
1902 1498 2039 1519 examen

396 1538 586 1576 aecclesiae,
617 1549 674 1579 per
698 1537 778 1568 duos
804 1538 1007 1569 venerabiles
1033 1538 1213 1579 episcopos.
1238 1538 1457 1569 Ferdensen1¹¹
1482 1538 1632 1570 videlicet
1656 1544 1687 1570 et
1712 1539 1936 1580 Bragensemss
1962 1550 2040 1570 con-

398 1591 595 1621 vocavimus.
642 1590 734 1621 Alter
758 1589 864 1622 1101οΚ
892 1600 929 1620 00
955 1589 1039 1630 quod
1064 1590 1225 1630 puriorem
1251 1590 1385 1621 haberet
1408 1591 1649 1627 conscientiam,
1674 1591 1809 1621 domnus
1826 1591 1935 1622 Victor
1953 1591 2039 1622 vide-

396 1643 480 1680 licet,
506 1642 623 1672 iudicio
642 1642 822 1673 aecclesiae
841 1642 923 1672 ultro
942 1652 976 1672 se
998 1641 1123 1679 obtulit,
1149 1641 1260 1677 altero,
1278 1641 1429 1673 videlicet
1446 1642 1604 1678 Rolando.
1629 1643 1862 1673 contumaciter
1879 1643 2040 1674 renitente

397 1698 429 1724 et
452 1694 589 1725 dicente.
616 1694 690 1735 quia
715 1704 786 1723 cum
812 1694 880 1735 ipse
905 1704 1015 1724 onmes
1040 1693 1176 1723 deberet
1202 1693 1354 1727 iudicare,
1380 1695 1448 1734 ipse
1468 1705 1485 1724 a
1504 1695 1591 1724 nullo
1611 1695 1710 1726 vellet
1735 1694 1877 1726 iudicari.
1919 1694 2039 1725 Habito

396 1747 504 1787 itaque
537 1745 713 1776 venerabili
746 1745 894 1778 concilio.
924 1745 955 1775 in
987 1756 1048 1786 quo
1081 1745 1263 1786 patriarcha
1290 1746 1533 1787 Aquilegensis¹
1565 1750 1596 1777 et
1627 1746 1716 1777 multi
1748 1747 1980 1788 archiepiscopi
2005 1750 2038 1778 et

397 1797 541 1838 episcopi
564 1797 717 1837 relligiosi
736 1800 962 1831 convenerant.
988 1808 1044 1838 per
1062 1796 1143 1827 VIII
1168 1797 1333 1827 continuos
1352 1797 1420 1828 dies
1439 1798 1581 1828 maxima
1598 1799 1766 1839 gravitate.
1791 1798 2039 1840 diligentissima

396 1849 648 1884 examinatione.
673 1853 797 1879 semota
821 1849 907 1879 omni
933 1849 1041 1879 laicalu
1066 1859 1214 1890 persona,
1240 1852 1410 1879 tractatum
1429 1854 1487 1883 051,
1514 1850 1583 1890 quis
1602 1860 1643 1880 ex
1661 1850 1784 1880 duobus
1800 1851 1915 1881 summi
1932 1851 2037 1892 ponti-

396 1902 508 1931 ficatus
534 1901 657 1942 apicem
682 1899 720 1930 de
745 1900 812 1930 iure
837 1900 969 1931 deberet
994 1900 1148 1930 obtinere.
1196 1900 1275 1931 Post
1299 1901 1427 1941 longam
1453 1901 1561 1942 itaque
1587 1901 1866 1940 deliberationem,
1891 1903 1964 1944 quia
1985 1902 2041 1933 illa.

397 1952 631 1983 nefandissima
660 1953 854 1993 conspiratio
879 1952 949 1983 Deo
979 1957 1010 1983 et
1041 1952 1220 1983 aecclesiae
1253 1952 1424 1983 admodum
1456 1952 1583 1983 odibilis
1613 1954 1794 1984 manifestis
1824 1953 1944 1984 inditiis
1976 1965 2039 1984 non

396 2005 498 2035 solum
530 2004 675 2045 probata,
711 2015 822 2034 verum
856 2004 886 2034 in
918 2004 999 2035 facie
1033 2005 1129 2034 totius
1160 2005 1338 2035 aecclesiae
1372 2015 1478 2035 eoram
1511 2006 1659 2046 positaefl
1688 2007 1832 2036 revelata
1861 2010 1920 2042 051,
1951 2010 1983 2037 01
2007 2006 2039 2037 in

396 2056 512 2086 domno
529 2055 661 2086 Victore
680 2056 778 2086 nichil
796 2056 1051 2097 reprehensibile
1070 2057 1235 2086 inventum
1254 2060 1313 2088 est.
1338 2056 1398 2086 nisi
1417 2056 1501 2097 quod
1524 2057 1692 2098 pauciores
1710 2068 1842 2088 nmnero
1860 2057 2040 2088 cardinales

397 2109 525 2138 omnino
551 2118 568 2138 a
593 2107 831 2149 conspiratione
857 2108 909 2138 illa
941 2112 1070 2138 exortes
1096 2118 1167 2138 eum
1193 2118 1248 2149 pro
1276 2108 1358 2138 bono
1385 2109 1473 2149 pacis
1499 2109 1581 2139 inter
1606 2119 1741 2149 regnum
1766 2113 1797 2140 et
1822 2109 2039 2141 sacerdotium

398 2159 599 2190 conciliando
625 2160 807 2200 elegerunt.
833 2164 885 2190 01Ο
910 2160 1057 2190 invocata
1082 2160 1184 2190 sancti
1204 2159 1342 2200 Spiritus
1368 2160 1481 2200 gratia.
1507 2161 1666 2191 aecclesia
1684 2160 1745 2192 Dei
1763 2161 1945 2192 Rolandum
1963 2172 2039 2192 can-

396 2212 561 2242 cellarium
597 2212 851 2252 conspiratorem
888 2216 920 2242 et
957 2212 1186 2243 scismaticum,
1225 2210 1398 2242 discordias
1432 2216 1463 2242 et
1492 2212 1565 2242 lites
1596 2216 1628 2243 et
1656 2213 1817 2254 periuriaP
1849 2213 1934 2244 bona
1965 2224 2038 2244 esse

396 2264 690 2304 euangelizantem,
723 2263 989 2304 condempnavit.
1026 2267 1057 2293 et
1087 2263 1236 2293 domnum
1262 2263 1426 2293 Victorem
1458 2274 1574 2305 papam
1600 2264 1631 2294 in
1657 2268 1781 2305 patrem
1806 2265 1981 2305 spiritalem
2006 2268 2039 2296 et

396 2315 608 2345 universalem
640 2315 822 2356 pontificem
855 2315 1064 2345 confirmavit.
1112 2315 1215 2350 Quem
1245 2325 1302 2345 nos
1336 2315 1494 2345 aecclesia
1525 2315 1604 2346 duee
1638 2317 1736 2346 secuti
1763 2317 1980 2358 approbamus
2005 2320 2038 2347 et

396 2367 586 2397 universalis
617 2367 796 2397 aecclesiae
831 2371 953 2408 patrem
984 2372 1016 2397 et
1047 2370 1215 2398 rectorem.
1249 2370 1443 2408 cooperante
1470 2367 1578 2399 divina
1609 2369 1790 2405 elementia,
1821 2369 1890 2399 fore
1914 2368 2037 2399 denun-

396 2419 527 2450 ciamus.
574 2418 643 2449 Hoc
674 2419 782 2459 itaque
815 2419 952 2453 factum.
988 2418 1104 2448 divinis
1137 2418 1303 2448 suffultum
1336 2419 1486 2459 presidiis
1524 2424 1554 2449 et
1585 2420 1616 2450 in
1652 2420 1830 2461 apostolica
1861 2419 2038 2451 stabilitate

398 2481 494 2511 supra
523 2473 656 2511 petram.
688 2469 852 2500 Christum
884 2470 1043 2503 videlicet.
1075 2470 1206 2500 firmiter
1235 2470 1418 2503 fundatum.
1453 2482 1471 2501 a
1500 2475 1607 2501 vestra
1637 2471 1836 2503 beatitudine
1871 2481 1928 2513 pro
1959 2482 2037 2513 pace

500 2573 561 2598 189.
586 2574 603 2597 ‘l
623 2574 690 2598 deest
711 2574 734 2597 Γ.
812 2575 835 2597 Π)
857 2574 1035 2605 presumelnint
1056 2573 1086 2597 B.
1102 2574 1148 2597 15⁶.
1222 2575 1243 2599 v)
1264 2574 1331 2598 deest
1350 2574 1408 2598 1)·1,
1481 2578 1510 2601 W}
1531 2576 1671 2600 intraverat.
1684 2575 1715 2599 B.
1787 2576 1811 2603 x)
1833 2577 1879 2600 fae.
1900 2584 1965 2599 man.
1982 2574 2037 2600 02.

393 2621 418 2646 5)
439 2618 510 2640 nohis
530 2617 554 2641 V.
660 2619 681 2643 ’1,
702 2617 769 2640 dees!
789 2619 818 2640 (ι’.
834 2616 877 2640 Γπ,
985 2620 1007 2640 ¹²)
1028 2617 1196 2640 Mediolanum
1218 2617 1275 2641 ]ι””.)
1296 2616 1354 2643 (ζ’ζ);
1383 2618 1415 2641 ad
1436 2618 1608 2642 Mediolanum
1627 2618 1652 2642 Γ.
1759 2617 1782 2648 b)
1803 2619 1913 2643 redirent
1934 2619 1956 2643 0
1970 2617 1992 2642 2.
2012 2618 2038 2642 V.

395 2662 417 2687 c)
438 2668 505 2691 papa
523 2660 547 2683 Β
561 2660 583 2684 1.
672 2658 696 2689 ιῙ)
716 2660 737 2683 ei
758 2659 789 2684 B.
879 2661 899 2684 ὃ)
919 2659 987 2682 deest
1004 2659 1028 2682 1⁷.
1106 2658 1127 2687 f)
1149 2660 1215 2683 deest
1236 2659 1290 2684 (¹⁵2.
1363 2662 1387 2686 s)
1407 2661 1512 2684 consilio
1531 2661 1556 2686 1⁷,
1629 2660 1652 2690 11)
1671 2662 1823 2686 Fardensem
1842 2661 1867 2685 V.
1939 2660 1957 2688 ἰ1
1977 2662 2037 2686 Pra-

384 2712 497 2735 -gensem
516 2703 540 2727 1⁷.
613 2701 638 2727 k)
657 2702 817 2727 (ειη-1111101111.
836 2702 861 2726 V.
933 2700 950 2732 ¹)
970 2702 1139 2733 Aquileiensis
1161 2702 1215 2726 (72.
1234 2702 1259 2726 Γ.
1331 2702 1361 2728 ΗΓ)
1382 2704 1463 2727 laicali
1478 2703 1510 2728 B.
1581 2704 1605 2731 Β)
1625 2705 1705 2737 posita
1720 2704 1751 2728 B.
1823 2704 1846 2734 0)
1866 2704 1997 2729 cleestBl.
2012 2704 2037 2727 V.

395 2750 419 2770 l')
440 2746 566 2777 periurgia
588 2745 618 2770 B.
632 2745 679 2769 B’.
702 2745 755 2769 02.

2069 717 2092 735 lu

2067 1238 2092 1256 20

2067 1496 2091 1515 25

2066 1758 2090 1777 30

2067 2017 2091 2035 35

2066 2275 2091 2294 40

2065 2581 2089 2599 45
