2205 3072
333 162 410 192 364*
736 159 919 186 FRIDERICI
937 159 955 185 I.
977 158 1297 186 CONSTITUTIONES.
1335 159 1408 184 1177.
1445 158 1492 184 Nr.
1506 158 1565 185 260.

330 251 443 277 domino
466 251 629 285 imperatori
653 245 822 285 placcueritf
843 259 942 285 rogare
964 260 1015 285 pro
1039 250 1182 277 ordinibus
1212 250 1370 283 aliquorum
1393 257 1462 282 quos
1486 248 1618 275 canonice
1642 250 1855 283 perceperunt-3,
1883 259 1971 283 usque

331 298 370 329 ad
394 303 417 329 X
442 303 485 329 vel
508 303 568 334 XII,
593 302 616 328 si
638 302 744 329 instare
767 303 896 335 voluerit,
920 303 1092 329 exaudietur.

438 351 484 381 18.
509 354 540 381 G.
564 349 693 380 autemh
717 355 885 380 Mantuanus
910 355 944 381 ad
968 355 1160 388 episcopatum
1184 353 1324 386 quondam
1348 361 1427 378 suum
1450 352 1623 384 restituetur,
1647 352 1688 378 ita
1711 354 1805 380 tamen
1825 353 1900 386 quod
1922 353 1970 379 ille

330 406 377 439 (1111
401 415 474 432 1111119
498 408 540 432 est
562 406 741 437 Mantuanus,
770 406 940 432 auctoritate
968 406 1073 432 domini
1101 414 1173 440 pape
1204 407 1231 431 et
1256 404 1361 430 auxilio
1384 404 1490 430 domini
1517 404 1695 438 imperatoris
1718 405 1753 430 ad
1776 405 1970 431 Tridentinum

330 457 522 491 episcopatum
545 452 751 489 transfereturi,
780 457 834 483 11131
864 458 936 484 forte
964 457 1038 484 inter
1065 457 1207 483 dominum
1236 465 1337 490 papam
1361 457 1389 482 et
1412 455 1554 482 dominum
1578 456 1776 490 imperatorem
1799 457 1969 489 convenerit,

331 511 361 535 ut.
384 509 411 534 in
435 509 491 535 alio
516 509 540 535 ei
564 508 727 542 episcopatu
751 509 939 542 provideatur.

442 558 485 587 19.
510 560 734 594 Archipresbiter
759 566 831 586 vero
859 561 892 586 de
916 560 1000 587 Sacco
1029 560 1057 586 in
1082 559 1348 594 archipresbiteratu
1372 559 1511 592 quondam
1536 567 1585 584 3110
1609 560 1635 584 et
1662 553 1714 584 ink
1737 559 1799 585 aliis
1823 560 1970 592 benefitiis,

331 621 385 645 quc
409 614 474 638 ante
499 612 598 638 scisma
621 612 728 643 habuit,
753 621 814 638 eum
838 612 913 638 omni
937 612 1112 646 plenitudine
1136 612 1309 637 restituetur.

433 661 482 690 20.
512 664 642 690 Universi
674 664 759 690 etiam
788 664 909 690 ordinati
938 673 954 690 a
982 664 1122 697 quondam
1150 663 1295 689 catholicis
1325 663 1368 688 vel
1397 662 1431 688 ab
1462 662 1597 688 ordinatis
1628 671 1722 689 eorum
1745 663 1774 688 in
1797 663 1970 690 Theutonico

330 724 415 749 regno
439 715 624 742 restituentur
647 716 675 742 in
700 715 843 741 ordinibus
866 715 963 742 taliter
985 715 1124 749 perceptis
1149 720 1207 741 net*
1233 710 1401 740 occasione
1426 710 1519 740 huius
1538 709 1716 740 scismatis¹
1740 710 1969 750 gravabuntur.

438 764 488 793 21.
512 767 579 793 Dem
601 767 799 801 Argentinensi
823 767 939 793 autemu
963 769 991 793 et
1013 766 1161 793 Basiliensi
1184 766 1266 792 dictis
1287 765 1432 799 episcopis,
1457 765 1505 799 qui
1528 765 1649 792 ordinati
1673 766 1786 792 fuerunt
1808 775 1825 792 a
1847 766 1973 793 Guidone

330 818 479 850 Crcmensi,
504 818 532 844 in
556 819 653 845 eodem
677 828 762 853 regno
786 828 803 845 a
826 819 960 853 predictis
983 818 1185 845 mediatoribus
1209 812 1423 843 committetur*
1439 817 1463 843 X
1480 817 1523 843 vel
1540 812 1648 844 oct00*
1672 826 1741 850 quos
1757 817 1811 851 ipsi
1828 818 1972 852 elegerint,

329 871 377 903 (1111
400 870 519 904 prestito
544 870 700 897 iuramento
728 871 886 902 firmabunt,
917 871 991 904 quod
1019 870 1088 896 illud
1112 869 1259 896 consilium
1282 869 1316 895 de
1346 869 1414 903 ipsis
1438 869 1563 895 Romano
1587 868 1713 902 pontifici
1737 870 1765 895 et
1787 869 1900 896 domino
1923 870 1972 896 im-

329 922 452 955 peratori
483 922 591 948 dabunt
620 922 694 955 quod
725 922 846 948 viderint
874 930 902 948 se
932 921 1084 948 canonice1¹
1113 930 1193 955 posse
1223 921 1289 947 dare
1317 921 1422 955 absque
1450 921 1574 955 periculo
1603 920 1729 947 scilicetu
1753 921 1844 947 anime
1867 921 1973 948 domini

329 982 400 1008 pape
425 976 453 1000 et
476 974 581 1000 domini
605 974 781 1008 imperatoris
805 976 833 1001 et
857 983 912 1005 sue,
937 976 966 1000 et
989 973 1118 1000 dominus
1141 982 1215 1007 papa
1238 973 1400 1006 adquiescet
1423 981 1518 998 eorum
1542 972 1666 999 consilio.

433 1021 481 1051 22.
507 1025 668 1052 Dominus¹1¹
692 1028 787 1052 autem
815 1034 888 1059 papa
912 1027 940 1051 et
964 1034 1059 1051 01111193
1084 1025 1238 1051 cardinales
1262 1024 1335 1050 sicut
1358 1026 1523 1058 receperunt
1550 1024 1692 1050 dominum
1716 1024 1914 1058 imperatorem
1936 1019 1963 1050 F
1966 1047 1972 1053 ,

328 1077 357 1102 111
380 1077 569 1103 Romanorum
592 1079 620 1103 et
644 1077 812 1104 catholicum
841 1077 1048 1111 imperatorem,
1080 1072 1122 1103 ita
1150 1072 1306 1113 recipient
1330 1076 1376 1102 13ss
1399 1076 1510 1102 felicem
1532 1085 1645 1102 uxorem
1671 1076 1729 1102 eius
1753 1076 1781 1102 in
1805 1076 1973 1103 catholicam

330 1130 358 1153 et
382 1128 570 1154 Romanorum
601 1129 816 1162 imperatricem,
848 1129 888 1154 ita
918 1128 1044 1154 tamenr
1068 1128 1142 1161 quod
1165 1128 1226 1161 ipsa
1249 1127 1422 1154 coronetur
1445 1137 1461 1153 a
1483 1128 1596 1154 domino
1620 1136 1693 1162 papa
1717 1128 1748 1154 A.
1773 1128 1816 1154 vel
1839 1137 1855 1154 a
1880 1128 1974 1163 legato

330 1179 442 1213 ipsiuss.
488 1180 637 1206 Dominum
662 1180 770 1207 autem
796 1177 940 1206 Hei-icumt
965 1180 1052 1206 filium
1076 1188 1171 1205 eorum
1195 1174 1247 1205 in*
1270 1179 1438 1205 catholicum
1463 1188 1556 1213 regem
1580 1179 1724 1213 recipient.

432 1228 482 1258 23.
510 1232 629 1258 Pacem¹¹
659 1232 744 1258 etiam
776 1241 869 1258 veram
898 1232 1015 1258 reddent
1042 1232 1169 1257 dominus
1201 1226 1296 1264 papa*
1326 1233 1354 1257 et
1381 1231 1535 1257 cardinales
1563 1232 1676 1258 domino
1705 1232 1869 1266 imperatori
1892 1232 1920 1258 F.
1945 1234 1973 1259 et

328 1283 440 1310 domine
469 1284 641 1318 imperatrici
665 1285 710 1310 B.V
739 1286 767 1310 et
790 1284 891 1310 Hei-ico
919 1283 978 1317 regi
1007 1283 1063 1309 filio
1092 1292 1187 1309 eorum
1212 1285 1237 1309 et
1263 1283 1399 1309 universis
1423 1283 1597 1309 adiutoribus
1621 1283 1781 1317 ipsorumw,
1814 1284 1899 1310 salvis
1921 1293 1975 1318 que

330 1335 363 1361 de
388 1335 580 1369 spiritualibus
604 1335 782 1370 dispositioni
808 1337 834 1361 et
859 1335 959 1361 iuditio
984 1335 1090 1361 domini
1114 1343 1185 1368 pape.
1210 1330 1262 1360 A.¹‘
1286 1336 1315 1361 et
1338 1335 1461 1361 Romane
1485 1335 1601 1361 ecclesie
1625 1335 1748 1368 presenti
1772 1335 1876 1369 scripto
1892 1336 1974 1362 relin—

329 1389 453 1420 quuntur
481 1389 509 1413 et
538 1388 615 1413 salvo
644 1388 718 1414 omni
749 1387 808 1413 iure
833 1387 956 1413 Romane
989 1387 1103 1413 ecclesie
1127 1387 1259 1413 adversus
1289 1387 1502 1413 detentatoresx
1526 1395 1617 1412 rerum
1641 1386 1717 1413 beati
1740 1387 1815 1413 Petri
1840 1389 1867 1413 et
1890 1387 1975 1414 salvis

329 1438 370 1464 his
395 1447 448 1471 (1119
472 1435 670 1475 prescripta&
694 1440 759 1464 sunt
783 1440 840 1464 tam
864 1448 914 1472 pro
938 1434 1044 1472 parte*
1069 1438 1184 1465 ecclesie
1208 1447 1292 1471 quam
1316 1447 1365 1472 pro
1390 1440 1469 1471 parte
1494 1438 1599 1464 domini
1615 1438 1793 1472 imperatoris
1810 1440 1838 1465 et
1854 1439 1973 1473 imperii.

433 1487 482 1516 24.
506 1491 605 1516 Pacem
630 1499 694 1517 vero
719 1491 872 1524 predictam
896 1491 1036 1524 promittit
1062 1486 1209 1516 dominus
1235 1491 1339 1527 papa²
1364 1499 1392 1516 se
1417 1490 1629 1516 observaturum
1653 1490 1681 1516 in
1698 1490 1782 1517 verbo
1799 1491 1927 1517 veritatis
1944 1492 1973 1517 et

327 1550 421 1568 omnes
445 1542 607 1574 cardinales,
641 1543 688 1568 cta
710 1542 887 1576 privilegium
911 1543 975 1569 inde
999 1542 1083 1568 faciet
1107 1551 1168 1567 cum
1190 1542 1395 1575 subscriptione
1420 1541 1543 1567 omnium
1567 1541 1759 1568 cardinalium.
1807 1543 1863 1576 Ipsi
1887 1543 1973 1569 etiam

328 1594 501 1620 cardinalesa
524 1594 658 1627 scriptum
682 1594 901 1620 confirmationis
925 1594 1049 1628 predicte
1074 1594 1150 1628 pacis
1175 1594 1277 1620 facient
1302 1602 1363 1619 cum
1387 1593 1565 1627 appositione
1589 1593 1744 1627 sigillorum
1768 1603 1887 1620 suorum.

433 1643 481 1672 25.
511 1645 545 1671 Et
577 1646 704 1672 dominns
733 1655 807 1680 papa
837 1646 932 1671 statim
964 1646 1100 1672 advocato
1124 1645 1250 1673 concilio.
1279 1645 1361 1679 quale
1385 1645 1477 1671 subito
1501 1642 1650 1671 advocarib
1675 1641 1802 1682 poterit.
1833 1655 1894 1672 cum
1917 1655 1974 1672 car-

328 1697 467 1723 dinalibus
497 1697 634 1731 episcopis
663 1698 780 1731 aliisque
811 1698 949 1731 religiosis
974 1697 1039 1723 viris
1064 1697 1111 1730 (1111
1141 1697 1319 1723 interfuerint
1349 1696 1667 1723 excommunicationem
1697 1699 1801 1723 statuet
1827 1697 1853 1723 111
1879 1706 1973 1724 omnes

329 1749 376 1782 (1111
401 1749 472 1775 hanc
495 1758 592 1783 pacem
616 1749 768 1783 infringere
793 1749 1002 1783 temptaverint.
1050 1749 1154 1775 Deinde
1179 1749 1207 1774 111
1230 1749 1355 1782 generali
1379 1748 1496 1774 concilio
1520 1748 1593 1774 idem
1617 1748 1708 1775 faciet.

432 1798 480 1827 26.
512 1801 605 1827 Plures
636 1802 720 1827 etiam
749 1802 782 1828 de
810 1801 950 1827 nobilibus
974 1801 1106 1827 Romanis
1135 1803 1163 1827 et
1192 1801 1347 1834 capitaneis
1371 1800 1522 1834 Oampanie
1546 1800 1618 1825 hanc
1642 1801 1757 1826 eandem
1782 1809 1877 1834 pacem
1902 1800 1973 1827 iurass

330 1854 424 1878 mento
448 1852 605 1878 firmabunt.

435 1901 484 1931 27.
516 1905 673 1938 Imperator
702 1914 767 1930 vero
797 1899 974 1941 predictam
1004 1913 1100 1937 pacem
1132 1899 1269 1930 ecclesie
1301 1902 1333 1929 et
1361 1899 1423 1929 iam
1449 1898 1567 1929 dictam
1591 1909 1705 1940 pacem
1730 1898 1793 1929 XV
1818 1910 1973 1931 annorum

329 1951 459 1982 illustris
496 1952 581 1992 regis
614 1951 722 1982 Sicilie
756 1955 787 1981 ct
822 1955 989 1992 treuquam
1020 1950 1292 1981 Lombardorumc
1322 1961 1340 1980 a
1369 1950 1525 1991 proximis
1558 1950 1680 1981 scilicet
1710 1950 1801 1982 Ram
1831 1951 1972 1992 Augusti

329 2014 431 2044 usque
456 2003 495 2034 ad
520 2003 567 2033 VI
593 2013 692 2034 annos
717 2007 837 2033 firmabit
862 2007 1018 2033 iuramento
1043 2016 1092 2033 suo
1117 2009 1145 2033 et
1169 2006 1325 2040 principum
1351 2006 1382 2032 et
1406 2002 1504 2032 faciet
1521 2001 1721 2032 Lombardos
1746 2002 1798 2043 qui
1823 2013 1863 2033 ex
1881 2007 1971 2044 parte

331 2065 388 2085 sua
419 2057 502 2089 sunt.
536 2055 617 2085 sicut
649 2055 679 2085 in
711 2055 872 2085 communi
903 2055 1043 2096 scripto¹¹
1073 2060 1208 2095 treuque
1233 2054 1424 2095 dispositum
1450 2057 1481 2083 et
1504 2054 1656 2095 scriptum
1683 2055 1792 2089 este-¹,
1825 2055 1972 2086 eamdem

330 2110 499 2146 treuquam
525 2106 652 2137 firmari.
700 2106 732 2137 Si
758 2117 833 2137 vero
858 2106 973 2147 aliquis
999 2106 1094 2137 fuerit
1119 2116 1158 2136 ex
1185 2109 1275 2147 parte
1294 2105 1514 2146 imperatoriss
1537 2106 1589 2146 qui
1607 2105 1786 2146 predictam
1804 2110 1972 2148 treuquam

330 2158 436 2188 iurare
467 2158 674 2193 recusaverit,
708 2158 903 2199 imperatorg
932 2159 1089 2199 precipiet
1112 2158 1287 2193 universis,
1320 2157 1373 2197 qui
1399 2167 1440 2187 ex
1464 2161 1555 2198 parte
1580 2168 1638 2188 sua
1663 2162 1749 2192 sunt,
1782 2158 1841 2189 sub
1866 2157 1973 2189 debito

331 2209 495 2240 fidelitatis
521 2212 553 2240 et
576 2210 679 2250 gratie
711 2220 781 2247 3119,
812 2214 846 2240 ut
870 2210 992 2240 nullum
1018 2213 1161 2250 prestent
1185 2209 1235 2239 eih
1260 2209 1417 2239 auxilium
1442 2213 1474 2239 et
1498 2209 1682 2239 volentibus
1707 2219 1780 2240 eum
1806 2210 1971 2241 offendere

332 2261 362 2291 in
395 2261 481 2291 nullo
513 2261 674 2292 obsistant
704 2262 754 2292 vel
784 2261 1016 2296 contradicant,
1052 2265 1083 2291 et
1108 2262 1133 2291 si
1158 2261 1229 2302 quis
1254 2260 1452 2293 offenderiti.
1485 2271 1548 2291 non
1573 2264 1724 2292 teneatur
1746 2261 1831 2292 inde.
1877 2261 1968 2292 Man-

332 2312 440 2343 datum
466 2315 572 2342 autem
598 2313 682 2343 istud
708 2323 768 2343 non
795 2313 960 2343 revocabit
984 2313 1131 2343 dominus
1157 2313 1341 2353 imperator.
1375 2312 1476 2343 donec
1506 2316 1643 2352 treuqua
1667 2312 1804 2344 durabit.
1850 2312 1892 2343 Et
1914 2313 1972 2344 do-

434 2413 499 2440 260.
524 2414 546 2446 f)
572 2416 606 2440 sic
625 2416 656 2440 A.
773 2416 797 2445 Β)
819 2418 977 2449 perceperint
996 2417 1027 2441 B.
1138 2415 1161 2447 ¹¹)
1181 2417 1257 2440 etiam
1277 2416 1301 2439 B
1327 2427 1357 2436 Ξ
1382 2416 1412 2440 Ρ.
1432 2416 1463 2440 Α.
1569 2415 1586 2443 i)
1606 2417 1773 2440 transferatur
1792 2416 1816 2439 B
1840 2427 1871 2436 Ξ
1896 2417 1924 2441 P.
1939 2418 1973 2442 A.

331 2457 354 2488 k)
374 2458 440 2482 deest
459 2459 483 2482 B
503 2469 533 2478 =
553 2460 582 2483 P.
598 2460 628 2483 A.
718 2458 735 2489 ι)
755 2461 880 2484 scismatis
900 2461 975 2485 huius
995 2460 1024 2484 B.
1114 2460 1145 2489 ιΠ)
1163 2459 1293 2490 praeeedit
1311 2460 1408 2490 sirmam
1429 2461 1443 2487 ,ξ
1462 2459 1488 2483 in
1502 2459 1532 2482 A.
1613 2458 1637 2489 ¹1)
1657 2459 1723 2483 deest
1745 2459 1773 2483 B.
1845 2460 1869 2490 Ο)
1889 2461 1911 2484 X
1932 2461 1971 2485 vcl

332 2502 391 2525 VIII
410 2502 534 2533 episcopis
554 2502 577 2525 Β
597 2513 627 2522 z
654 2503 678 2526 P.
696 2503 726 2525 Α.
815 2504 838 2531 P)
857 2504 979 2527 canonice
999 2512 1024 2527 se
1046 2503 1074 2526 Β.
1152 2506 1176 2526 ‘li
1197 2503 1337 2527 Uentricem
1356 2502 1387 2525 B.
1458 2502 1478 2531 r)
1497 2502 1564 2526 deest
1584 2501 1608 2525 Β
1628 2512 1658 2521 z
1679 2502 1707 2525 P.
1724 2502 1753 2525 .·[.
1826 2503 1845 2532 ³)
1865 2503 1920 2527 eius
1939 2503 1971 2527 B.

330 2544 350 2575 t)
371 2545 403 2568 H.
424 2553 507 2576 regem
527 2545 558 2568 B.
669 2549 692 2575 ὓ)
718 2550 741 2569 et
767 2554 856 2578 pacem
876 2546 907 2569 Β.
1013 2549 1036 2575 v)
1062 2547 1088 2569 B.
1115 2546 1265 2577 imperatrici
1285 2545 1309 2568 Β
1329 2555 1359 2565 =
1380 2545 1409 2569 P.
1424 2545 1456 2569 A,
1562 2544 1592 2574 w)
1612 2545 1636 2568 ἰιι
1656 2552 1751 2568 rasura
1772 2546 1809 2569 A:
1833 2554 1918 2570 eorum
1938 2546 1969 2570 B.

331 2588 356 2617 Χ)
382 2588 558 2619 depredatores
577 2588 609 2613 Β.
706 2590 730 2619 y)
756 2590 848 2621 scripta
868 2589 892 2612 B
918 2599 948 2609 Ξ
974 2589 1003 2613 P.
1021 2590 1051 2612 Α.
1141 2590 1163 2619 ⁷¹)
1186 2589 1251 2612 (111111,
1276 2596 1341 2620 papa
1366 2588 1493 2619 promittet
1511 2587 1543 2611 B.
1631 2587 1654 2617 a)
1675 2593 1699 2612 et
1718 2588 1878 2620 privilegium
1897 2597 1973 2621 usque

332 2631 472 2655 cardinales
491 2631 541 2655 des.
554 2631 585 2661 B,
605 2632 704 2655 incuria
724 2632 832 2656 librarii.
921 2631 945 2661 bs)
965 2633 1089 2656 advocare
1110 2631 1139 2655 Β.
1212 2632 1233 2659 c)
1254 2636 1367 2655 treunam
1387 2630 1615 2663 Longabardorum
1635 2630 1665 2654 R.
1737 2629 1761 2660 ⁴¹)
1780 2632 1838 2655 Kal.
1858 2632 1924 2656 deest
1939 2632 1971 2657 Α,

332 2674 354 2699 *Ἴ
373 2673 443 2705 disp„
455 2678 493 2698 est
511 2678 534 2697 et
553 2675 674 2706 scriptum
695 2675 724 2698 Jt.
813 2674 835 2706 f)
856 2676 949 2698 (1111111111
970 2676 1128 2707 imperatoris
1148 2675 1178 2698 J).
1268 2674 1292 2706 ἕ)
1313 2674 1429 2698 dominus
1450 2674 1586 2706 imperator
1601 2673 1632 2696 B.
1723 2673 1747 2698 ¹¹)
1766 2675 1788 2698 ci
1808 2678 1921 2706 prestent
1939 2675 1970 2700 B.

332 2715 349 2746 i)
370 2718 426 2740 ciun
447 2717 577 2741 offenderit
596 2717 626 2741 Β.

437 2792 462 2825 l)
481 2799 565 2825 snpra.
583 2801 623 2818 nr.
638 2797 693 2820 259.

2000 722 2023 740 10

2001 981 2024 998 15

2000 1238 2025 1256 20

2000 1495 2024 1513 25

2001 1756 2025 1773 :50

1999 2270 2024 2288 40

1998 2552 2022 2570 45

1997 2801 2022 2821 50
