2205 3072
113 1505 141 1523 vs.
154 1506 205 1525 Iiwk
219 1510 248 1526 11.
257 1510 288 1527 39.

153 1531 228 1551 Μιιῐῐιι,
241 1535 259 1552 ἲ,
270 1537 279 1552 5

144 2236 280 2257 1111311441

150 2391 169 2408 <vi
196 2390 279 2409 11114,

313 226 374 255 (520
780 221 944 247 SYNODUS
965 220 1239 246 ALTHEIMENSIS.
1276 221 1333 246 916.
1372 220 1490 247 N1-.433.

312 308 441 339 inducit.
490 307 615 338 XXIII.
642 307 692 337 De
717 318 754 337 eo
779 308 832 348 qui
856 307 1069 337 iuramentum
1095 307 1180 347 regis
1199 306 1306 337 violat.
1352 306 1498 338 XXIIII.
1522 306 1572 336 De
1597 307 1751 348 episcopo
1770 318 1827 348 per
1843 307 1951 338 dolum

313 363 415 400 capto.
472 358 576 389 XXV.
606 359 656 389 De
693 359 807 400 peiurii
842 358 1046 390 discretione.
1102 357 1226 388 XXVI.
1263 357 1313 388 De
1350 358 1475 388 clericis
1515 358 1669 398 fugitivis.
1727 359 1868 390 XXVII.
1899 359 1950 390 De

312 411 360 441 liis
389 411 441 451 qui
471 411 786 441 communicaverunt
817 410 1114 440 excommunicatis.
1165 409 1322 439 XXVIII.
1352 408 1401 439 De
1435 409 1622 450 symoniaca
1651 410 1778 440 haeresi
1808 411 1949 441 vitanda.

311 461 487 492 XXVIIII.
513 461 562 492 De
592 462 750 502 Ricquino
783 462 911 492 elerico,
961 461 1068 492 XXX.
1093 460 1142 491 De
1175 461 1336 501 episcopis
1366 461 1418 501 qui
1450 460 1490 490 de
1521 460 1664 491 saxonia
1694 472 1756 492 non
1784 465 1948 493 venerunt.

310 512 433 543 XXXI.
468 513 517 543 De
550 512 714 543 Einhardo
746 513 909 554 episeopo,
963 512 1105 543 XXXII.
1136 511 1226 546 Quod
1257 512 1287 541 in
1313 512 1452 542 ecclesia
1483 515 1651 552 peecatum
1678 514 1787 554 populi
1811 513 1947 544 inultum

311 565 414 594 soleat
442 565 597 605 preteriri.
650 564 812 594 XXXIII.
842 564 890 594 De
920 564 1108 605 penitentia.
1161 562 1339 593 XXXIIII.
1364 562 1414 593 De
1444 563 1492 593 his
1518 563 1571 604 qui
1596 563 1635 593 ad
1666 564 1820 604 synodum
1846 565 1950 595 vocati

310 626 372 645 non
398 618 565 646 venerunt.
611 615 750 646 XXXV.
776 615 826 646 De
851 615 933 646 datis
958 615 1093 645 induciis
1119 617 1152 645 et
1175 614 1308 645 concilio
1332 613 1587 655 Radesponensi.

1009 724 1063 754 De
1097 724 1253 765 synodo.

410 785 446 815 In
472 786 601 815 nomine
627 788 758 815 sanctae
784 788 815 815 et
840 784 1023 815 individuae
1041 785 1219 821 Trinitatis,
1244 784 1351 815 Patris
1368 779 1408 815 >et
1425 785 1498 815 Filii
1518 788 1549 815 et
1567 785 1706 826 Spiritus
1727 786 1841 825 saneti,
1865 796 1948 817 anno

307 836 346 866 ab
371 837 591 867 incarnatione
617 836 747 867 Domini
773 835 1011 873 DOOCCXVI.
1036 836 1211 866 indictione
1235 835 1317 869 IIII.
1344 836 1419 866 XII.
1438 836 1511 867 Kal.
1536 836 1678 872 Octobr..
1703 837 1815 877 regaie
1839 843 1946 868 autem

307 888 468 918 Chonradi
494 888 630 929 piissimi
657 891 688 918 et
712 888 971 918 christianissimi
1002 887 1158 928 regissV‚
1191 891 1388 928 congregata
1413 891 1460 918 est
1485 891 1595 918 sancta
1621 888 1784 929 generalis
1809 889 1950 929 synodus

306 939 390 980 apud
416 940 580 970 Altheiml
610 941 640 970 in
671 950 754 980 pago
782 939 887 978 Retia,
908 942 1069 981 ,presente
1098 939 1249 969 videlicet
1281 939 1388 969 domni
1418 939 1570 969 Iohannis
1604 950 1706 980 papae
1740 941 1949 981 apocrisiario

306 991 425 1021 Petrog
449 994 578 1021 sanctae
604 990 752 1021 Ortensis
778 992 935 1021 ecclesiae
964 991 1143 1021 venerabili
1176 991 1340 1032 episcopo.
1376 991 1472 1021 misso
1498 991 1538 1021 ad
1562 991 1631 1029 hoe,
1665 992 1816 1032 quatinus
1841 993 1948 1033 aliquo

306 1042 398 1072 modo
425 1042 583 1073 diabolica
613 1043 737 1073 semina
767 1043 798 1072 in
824 1043 940 1073 nostris
970 1043 1115 1083 partibus
1141 1042 1231 1073 orta¹¹
1256 1043 1420 1083 extirpare
1446 1046 1477 1073 et
1507 1043 1757 1074 nefandissimas
1782 1044 1948 1074 machina-

304 1094 408 1124 tiones
426 1094 626 1135 quorundam
645 1104 869 1135 perversorum
888 1095 1050 1124 hominum
1069 1094 1197 1124 sedarei
1222 1098 1253 1124 et
1271 1094 1463 1124 eliminando
1488 1105 1626 1135 purgare
1645 1094 1785 1126 deberet.
1825 1095 1945 1126 Trans-

304 1148 374 1175 acto
405 1146 502 1186 igitur
532 1145 678 1175 triduano
710 1146 828 1176 ieiunio
859 1149 891 1176 et
920 1146 1019 1176 sacris
1044 1146 1191 1176 laetaniis
1217 1157 1303 1176 more
1328 1146 1438 1177 debito
1465 1146 1645 1183 celebratis.
1679 1147 1889 1177 convenimus
1915 1147 1947 1177 in

306 1197 444 1227 ecclesia
480 1197 582 1227 sancti
621 1197 773 1227 Iohannis
810 1197 979 1238 Baptistae
1016 1201 1047 1228 et
1081 1199 1175 1228 mesti
1213 1198 1428 1228 consedimus.
1485 1197 1589 1228 Tumk
1623 1198 1751 1229 demum
1782 1199 1948 1239 praefatus

307 1249 408 1279 saneti
434 1249 523 1279 Petri
550 1253 581 1279 ct
612 1249 731 1279 domini
756 1249 909 1279 Iohannis
935 1260 1037 1291 papae
1063 1250 1179 1280 missus
1211 1250 1377 1291 proferens
1404 1252 1526 1280 cartam
1550 1250 1735 1290 apostolicis
1760 1250 1873 1280 litteris
1898 1250 1946 1281 in-

304 1301 465 1342 scriptam.
492 1312 553 1341 qua
572 1301 794 1337 monebamur.
813 1301 1030 1341 arguebamur
1047 1306 1080 1332 et
1098 1302 1336 1332 instruebamur
1352 1301 1391 1332 de
1408 1300 1555 1331 omnibus
1574 1300 1613 1331 ad
1631 1311 1738 1331 veram
1756 1301 1946 1341 religionem

303 1352 496 1382 christianae
522 1352 597 1382 fidei
622 1353 868 1393 pertinentibus.
917 1353 1008 1388 Quae
1028 1354 1145 1384 omnia.
1170 1356 1205 1383 ut
1228 1353 1348 1383 iustum
1367 1355 1399 1383 et
1416 1352 1548 1392 <lignum
1567 1355 1646 1387 erat.
1671 1351 1835 1383 humiliter
1851 1364 1944 1384 acce-

301 1404 417 1444 pimus.
443 1403 615 1444 diligenter
640 1405 849 1434 tractavimus
868 1408 899 1434 et
917 1404 1031 1434 devoto
1049 1404 1167 1435 affectu
1185 1404 1273 1434 omni
1293 1403 1385 1434 modo
1404 1403 1703 1445 amplectebamur-¹.
1745 1403 1831 1445 Ergo
1848 1414 1947 1435 euan-

302 1455 439 1495 gelicam
465 1456 707 1496 preceptionem
733 1460 765 1486 et
793 1456 1025 1486 institutionem
1055 1456 1299 1486 saluberrimam
1330 1456 1521 1486 lacrimabili
1548 1465 1625 1485 voce
1651 1455 1850 1496 protulimus.
1883 1467 1945 1497 qua

305 1506 525 1547 arguebantur
556 1507 698 1547 pharisei
724 1511 756 1537 et
787 1507 925 1537 scribae:
958 1506 1144 1543 ‘Mun(late'.
1178 1508 1288 1548 inquit.
1320 1507 1416 1548 ‘prius
1441 1517 1522 1547 quae
1547 1507 1631 1537 intus
1656 1510 1731 1537 sunt
1755 1507 1891 1537 calicism
1915 1511 1947 1538 et

302 1557 419 1593 catini'.
448 1562 479 1588 ct
504 1558 615 1588 itcmfl:
642 1558 729 1589 *Eice
754 1559 890 1600 primum
916 1559 1040 1589 trabem
1066 1558 1105 1589 de
1131 1559 1223 1589 oculo
1249 1557 1324 1593 tuo'.
1349 1569 1385 1588 ac
1411 1558 1667 1599 propheticum⁰z
1695 1558 1811 1588 ‘Ruina
1835 1559 1944 1599 populi

302 1609 487 1639 sacerdotes
514 1608 609 1646 mali'.
639 1610 875 1651 perpendentes
900 1614 932 1640 ct
961 1610 1165 1640 discutiendo
1191 1613 1316 1639 nosmet
1341 1610 1428 1650 ipsos
1453 1610 1662 1650 inspicientes
1689 1613 1721 1640 et
1745 1610 1775 1639 in
1801 1610 1943 1640 medium

301 1661 499 1701 penitentiae
537 1664 668 1691 sanctae
705 1661 799 1702 digno
837 1662 941 1691 fructu
977 1661 1017 1691 ad
1046 1661 1166 1702 pedcsP
1190 1661 1325 1702 piissimi
1358 1660 1568 1702 redemptoris
1594 1660 1712 1691 Christi
1740 1661 1945 1701 proicientes.

299 1712 489 1742 deflevimus
525 1713 749 1753 neglegentias
786 1713 1038 1742 innumerabiles
1076 1716 1108 1743 et
1136 1716 1271 1754 peccata
1301 1716 1408 1742 nostra
1440 1713 1640 1752 gravissima.
1687 1713 1815 1743 Deinde
1840 1716 1945 1743 ortatu

299 1763 417 1794 domini
448 1764 534 1794 I‘etri
572 1768 684 1794 contra
719 1768 845 1794 nosmet
880 1765 967 1805 ipsos
999 1767 1031 1794 et
1062 1764 1139 1794 vitia
1170 1765 1253 1800 irati.
1292 1764 1464 1794 adiuvante
1495 1764 1595 1805 primo
1628 1768 1738 1794 saneto
1769 1764 1889 1805 Spiritu
1913 1767 1945 1794 et

298 1815 483 1851 miserant-c.
518 1815 659 1856 capitula
690 1815 774 1845 infra
803 1818 911 1845 notata
944 1814 983 1844 ad
1009 1815 1238 1845 correctionem
1270 1818 1333 1845 tam
1359 1818 1499 1845 nostram
1525 1826 1619 1855 quam
1646 1815 1809 1845 christiani
1835 1816 1944 1856 populi

299 1866 468 1896 statuendo
494 1867 696 1906 collegimus.

401 1917 426 1948 l.
452 1917 688 1959 Capitulum.
727 1917 781 1948 De
807 1928 991 1948 canonum
1016 1918 1234 1948 institutis.
1275 1917 1319 1947 Ut
1337 1918 1579 1958 euangeliorum
1599 1921 1631 1948 et
1649 1928 1805 1948 canonum
1824 1921 1945 1949 statuta

298 1970 366 1999 sine
398 1969 594 2010 praeiudicio
631 1969 671 1999 ab
704 1969 851 1999 omnibus
886 1969 1105 1999 custodiantur
1140 1972 1172 1999 et
1204 1980 1297 1999 nemo
1332 1969 1361 1999 in
1387 1969 1568 1999 actionibus
1593 1969 1643 1999 vel
1669 1969 1793 1999 iudiciis
1818 1970 1944 2000 aeccle-

299 2021 434 2050 siasticis
460 2031 518 2051 suo
544 2031 651 2055 sensu.
686 2021 741 2051 sed
773 2031 882 2050 eorum
908 2021 1099 2050 auctoritate
1128 2020 1273 2051 ducatur.
1320 2020 1357 2050 In
1391 2021 1589 2062 exponendis
1616 2021 1713 2051 etiam
1740 2021 1790 2051 vel
1815 2021 1942 2062 praedi-

298 2073 408 2103 candis
440 2073 556 2102 divinis
593 2073 760 2113 scripturis
797 2076 980 2102 sanctorum
1015 2072 1244 2102 catholicorum
1275 2076 1401 2113 patrum
1427 2075 1458 2102 et
1488 2072 1785 2113 probatissimorum
1812 2083 1941 2103 sensum

297 2125 432 2164 quisque
467 2127 634 2164 sequatur:
668 2124 698 2153 in
728 2134 863 2164 quorum
896 2124 1036 2164 seriptis.
1065 2127 1099 2153 ut
1130 2124 1244 2154 beatus
1277 2123 1355 2153 dicit
1379 2123 1599 2157 IIicronimus.
1636 2123 1709 2153 fidei
1735 2124 1853 2154 veritas
1878 2135 1941 2154 non

298 2176 436 2206 vacillat.

400 2227 441 2256 II.
476 2227 528 2256 De
561 2227 774 2267 episcopis.
823 2226 979 2257 Dominus
1004 2227 1081 2257 dicit
1106 2227 1135 2257 in
1162 2226 1276 2257 Exodo
1302 2226 1539 2257 sacerdotibus:
1575 2226 1698 2257 ‘Sancti
1724 2230 1838 2264 estote,
1864 2238 1941 2267 quo-

299 2279 381 2308 niam
406 2289 465 2318 ego
492 2281 623 2308 sanctus
649 2277 739 2308 sum’.
786 2278 880 2308 Unde
906 2279 1048 2319 episcopi
1066 2282 1140 2308 ante
1159 2279 1269 2308 oculos
1289 2288 1417 2318 semper
1440 2277 1561 2307 habere
1581 2277 1702 2308 debent
1719 2278 1801 2308 filios
1819 2279 1940 2315 Aaron,

298 2330 350 2370 qui
376 2329 479 2359 Deum
505 2340 567 2359 non
593 2329 802 2359 sam-ifleando
827 2330 967 2360 alienum
990 2330 1098 2370 ignem
1121 2330 1308 2360 obtulerunt
1333 2340 1369 2359 ac
1387 2330 1572 2370 extemplo‘l
1598 2330 1628 2359 in
1647 2333 1822 2370 conspectu
1840 2330 1941 2370 patris

298 2381 413 2411 mortui
439 2384 522 2410 sunt.
569 2380 610 2410 Et
635 2381 806 2422 propheta:
837 2381 882 2411 ‘Si
908 2382 1045 2422 populus
1075 2382 1268 2422 peccaverit.
1299 2381 1402 2411 orabit
1434 2392 1490 2421 pro
1516 2392 1554 2411 eo
1580 2381 1746 2412 sacerdos:
1779 2381 1805 2411 si
1830 2385 1937 2412 autem

295 2432 445 2462 sacerdos
470 2433 662 2473 peccaverit.
690 2432 759 2472 quis
785 2432 888 2462 orabit
913 2443 969 2473 pro
995 2431 1063 2462 eo'.“

396 2533 459 2560 433.
486 2536 507 2565 0)
528 2544 605 2567 regno
625 2544 659 2563 (·.,·
687 2536 725 2559 leit*
745 2535 869 2566 incipiant
887 2535 910 2559 l}
930 2534 1028 2568 (Regno
1048 2536 1203 2567 chuonradi)
1223 2540 1245 2559 ef
1266 2537 1286 2559 (¹
1303 2537 1392 2567 (Regni
1418 2536 1580 2565 chuonradi).
1688 2534 1711 2560 sl
1738 2544 1806 2559 anno
1830 2535 1890 2558 add.
1912 2535 1938 2559 U.

294 2578 317 2603 “l
337 2578 371 2601 ita.
394 2587 450 2601 racc
477 2578 515 2601 1111·
539 2579 664 2601 callrwum
691 2579 769 2601 locum
790 2579 931 2602 emendari!
955 2579 1037 2606 I’erlz,
1061 2588 1115 2602 cnm
1141 2579 1165 2602 ι’11
1185 2579 1268 2602 mulier
1288 2580 1363 2602 misso
1383 2579 1414 2603 ad
1435 2580 1515 2603 Petro.
1554 2580 1609 2602 Huc
1631 2579 1761 2608 quatinus,
1782 2578 1852 2608 apud.
1872 2578 1938 2601 Bur<

294 2621 415 2643 1-11111-1111111
445 2625 466 2643 rl
492 2622 553 2644 ‘'nll.
574 2622 687 2644 (iriensis
715 2622 837 2645 ecelesiae
864 2622 937 2645 l'etro
961 2622 1099 2645 vonerabili
1125 2623 1250 2653 episcopo.
1295 2623 1349 2645 1100
1368 2626 1496 2652 quatenus
1516 2622 1646 2652 leym-einr.
1754 2619 1778 2643 ¹¹}
1799 2625 1885 2644 exorta
1905 2620 1937 2644 Β.

292 2667 308 2690 1)
328 2672 353 2686 se
373 2664 431 2687 darc
451 2673 470 2686 r:
558 2663 583 2692 k)
604 2666 676 2687 'l'nne
693 2664 717 2687 (’.
807 2663 825 2695 1)
844 2664 1061 2695 amplectabmuur
1079 2673 1144 2687 corr.
1159 2674 1178 2688 (⁷.
1277 2665 1307 2693 m)
1328 2665 1374 2688 eal.
1395 2668 1419 2688 et
1437 2665 1512 2688 catini
1532 2664 1582 2687 des.
1598 2664 1628 2688 R.
1645 2664 1669 2687 C.
1750 2664 1775 2692 Π)
1796 2664 1886 2687 iterum
1908 2663 1933 2686 C.

293 2709 316 2734 υ)
338 2706 398 2729 ἱΙΓιιιΙ
417 2706 476 2729 nalal.
492 2706 521 2729 B.
538 2707 564 2730 (s.
653 2708 677 2731 Pl
698 2708 751 2730 lacn
771 2707 846 2739 pedes
866 2716 888 2738 p.
909 2716 925 2730 r.
947 2707 1040 2730 Christi
1062 2707 1091 2730 B.
1108 2707 1147 2730 (Is
1167 2712 1259 2731 terram
1279 2716 1330 2731 nus.
1420 2710 1443 2735 q)
1463 2707 1593 2738 excemplo
1613 2716 1632 2730 ι’.

397 2799 419 2823 11
439 2798 512 2822 lindie
535 2798 741 2829 thenaltlman,
763 2798 798 2823 ml
817 2798 944 2823 meridiem
963 2799 1078 2823 civitatis
1097 2799 1270 2831 Nae'irdlinqen,
1290 2799 1317 2823 ι[11
1336 2808 1406 2832 passo
1425 2799 1535 2824 Suet-im
1556 2799 1624 2824 Ries.

1977 843 2000 860 11)

1975 1104 1998 1121 15

1974 1359 1998 1376 20

1972 1875 1996 1893 30

1969 2131 1993 2149 35

1967 2377 2021 2409 40⁶

1965 2673 1988 2691 45
