2205 3072
355 138 418 170 4:54
758 135 938 161 FRIDERICI
958 135 976 160 I.
996 134 1317 161 CONSTITUTIONES.
1356 134 1429 159 1185.
1467 133 1512 158 Nr.
1530 134 1588 159 306.

462 225 485 253 1.
515 225 591 253 etto
622 222 662 253 de
692 222 817 253 Comite
847 226 878 253 et
908 224 985 252 Otto
1015 221 1151 253 Curtese
1180 222 1330 252 eonsules
1361 221 1506 251 comunis
1537 220 1696 251 Cremone
1728 231 1746 250 a
1773 223 1864 260 parte
1893 220 1995 261 ipsius

355 274 496 304 comunis
529 285 586 315 per
615 285 649 304 se
680 277 712 304 et
744 274 848 304 socios
874 284 948 304 suos
972 274 1120 304 fecerunt
1144 274 1241 303 finem
1266 276 1298 303 et
1323 272 1554 302 refutacionem
1580 271 1708 302 domine
1733 270 1908 302 Frederieo
1933 271 1995 301 Dei

355 326 458 366 gratia
482 325 702 356 Romanorum
727 325 936 356 invictissimo
961 325 1147 366 imperatori
1173 327 1312 366 augusto
1337 324 1534 354 nominative
1558 323 1598 354 de
1623 326 1728 354 castro
1753 322 1938 354 Guarstalle
1963 326 1994 352 et

356 380 445 407 curte
478 380 509 407 et
539 377 613 407 villa
643 380 676 408 et
705 377 772 408 eius
801 377 1010 418 pertinenciis
1041 380 1071 407 et
1096 376 1135 407 (10
1159 376 1297 407 Luzaria
1327 379 1360 406 et
1388 380 1477 406 curte
1507 379 1539 406 et
1563 375 1632 406 eius
1660 374 1866 416 pertinenciis
1902 377 1933 404 et
1957 374 1996 404 (10

355 429 439 459 omni
475 429 543 459 iure
575 432 607 459 et
642 428 773 461 honore.
810 428 894 470 quod
928 428 1088 470 quondam
1121 428 1285 459 eomitissa
1309 427 1452 458 Matildis
1482 427 1594 458 habuit
1618 427 1650 457 in
1678 426 1832 468 predictis
1857 426 1935 456 loeis
1960 429 1992 456 et
2036 436 2046 452 s·

355 484 459 511 castro
490 484 522 511 et
555 480 700 511 curtibus
730 484 762 511 et
791 481 887 519 villis,
920 491 979 511 nee
1004 480 1181 521 impediant
1206 479 1261 510 illa
1286 480 1365 511 iura.
1412 478 1454 509 Et
1478 479 1504 509 si
1530 478 1758 509 Cremonensis
1784 477 1922 509 ecclesia
1946 478 1996 508 vel

354 532 461 573 aliqua
489 532 613 573 privata
642 542 790 573 persona,
821 542 881 573 que
913 532 953 562 sit
986 531 1025 562 de
1051 532 1211 562 Cremona
1242 531 1294 561 vel
1324 531 1393 561 eius
1424 530 1580 569 districtu,
1611 531 1644 560 in
1671 530 1825 571 predictis
1850 529 1929 560 loeis
1954 540 1997 560 ex

356 584 488 624 antiquo
513 583 610 614 habet
635 583 759 624 aliquas
788 584 1010 625 possessiones
1035 583 1086 614 vel
1111 582 1240 624 aliquod
1264 583 1313 612 ius
1338 582 1432 620 iuste7
1462 582 1570 623 quiete
1596 581 1728 618 habeat;
1759 582 1804 613 ita
1829 585 1936 613 tamen
1961 585 1996 612 ut

354 626 465 666 debita
490 638 522 665 ct
546 638 699 665 consueta
722 635 857 666 servicia
882 635 968 665 curie
994 638 1025 665 et
1049 635 1182 675 imperio
1207 634 1312 664 faciat.

458 688 486 718 2.
511 686 593 717 Item
619 686 754 728 predicti
779 687 928 718 eonsules
958 697 1015 717 suo
1045 686 1174 717 nomine
1206 689 1238 717 et
1263 685 1390 717 nomine
1421 686 1579 716 sociorum
1608 696 1737 717 suorum
1762 697 1780 717 a
1804 689 1895 727 parte
1920 697 1993 727 pre-

356 738 430 768 dicti
455 738 600 769 comunis
625 737 782 769 Cremone
807 739 955 770 fecerunt
978 739 1074 769 finem
1101 742 1133 769 01
1157 738 1392 768 refutacionem
1417 738 1522 768 eidem
1540 737 1668 769 domino
1693 738 1878 779 imperatori
1896 738 1996 768 nomi-

356 790 464 820 native
490 789 529 820 de
555 793 659 820 castro
686 789 800 821 Creme
825 794 856 820 et
880 790 950 821 eius
975 789 1184 831 pertinenciis
1211 793 1243 820 et
1267 789 1305 820 de
1330 789 1460 820 Insulo2·
1485 789 1657 821 Fulcherii.
1705 789 1747 820 Et
1771 790 1877 820 onmia
1900 789 1996 831 privi-

356 842 442 882 legia
475 845 507 872 et
541 842 672 883 scripta.
704 852 765 882 que
795 842 967 883 imperator
992 842 1039 872 eis
1071 841 1147 872 fecit
1178 844 1209 871 et
1237 841 1326 872 dedit
1358 841 1397 872 (10
1423 841 1539 872 Crema
1569 846 1600 873 et
1624 842 1736 873 Insula
1760 842 1934 875 Fulcherii,
1968 842 1999 872 in

356 893 504 924 manibus
540 893 659 924 domini
694 894 896 935 imperatoris
932 894 1152 934 resignabunt.
1211 893 1253 923 Et
1286 893 1329 923 ita
1361 893 1444 934 quod
1476 894 1652 934 imperator
1680 893 1820 935 deponet
1852 904 1890 924 ea
1914 894 1999 935 apud

356 945 499 986 Papiam,
525 948 556 975 et
580 945 641 986 ipsi
667 945 816 976 consules
842 945 998 976 Crcmone
1024 945 1143 976 debent
1172 945 1318 986 recipere
1350 945 1478 986 plenam
1508 946 1716 976 securitatem
1742 957 1760 976 a
1784 946 1997 987 I'apiensibus

357 998 415 1028 sub
449 997 503 1028 tali
534 1001 657 1035 tenore7
686 997 771 1038 quod
800 998 826 1027 si
855 998 1030 1039 imperator
1060 998 1111 1028 vel
1146 998 1214 1028 eius
1240 1008 1412 1027 successor
1435 997 1523 1027 dedit
1548 998 1598 1028 vel
1622 997 1748 1029 dederit
1773 997 1922 1029 Cremam
1947 999 1998 1029 vel

357 1049 498 1080 Insulam
533 1048 697 1080 Fulcherii
731 1049 827 1079 alicui
865 1050 988 1080 civitati
1021 1050 1072 1080 vel
1106 1049 1177 1079 1000
1208 1053 1263 1080 aut
1297 1049 1420 1089 eolegio
1451 1049 1501 1080 vel
1532 1060 1678 1091 persone.
1710 1049 1795 1091 quod
1820 1050 1998 1091 Papienses

356 1100 491 1131 reddant
516 1112 554 1131 ea
579 1100 865 1131 Cremonensibus.
912 1101 953 1131 Et
979 1102 1005 1131 si
1023 1101 1168 1142 predicta
1185 1100 1355 1142 privilegia
1372 1101 1491 1131 fuerint
1511 1101 1697 1131 necessaria
1713 1101 1998 1135 Cremonensibus.

356 1153 536 1194 Papienses
561 1152 703 1183 habeant
727 1153 913 1184 facultatem
939 1152 1112 1183 exhibendi
1136 1164 1174 1183 ea
1192 1152 1464 1183 Cremonensibus
1486 1152 1526 1182 ad
1544 1152 1742 1183 hutilitatem
1760 1153 1901 1194 ipsorum
1921 1154 1998 1184 Cre-

357 1205 555 1236 monensium
581 1209 692 1235 eontra
709 1215 929 1246 quascumque
954 1215 1111 1246 personas
1130 1205 1179 1235 vel
1198 1204 1345 1234 civitates
1365 1204 1414 1234 vel
1433 1204 1513 1236 loca.
1540 1208 1677 1245 excepto
1696 1204 1780 1245 quod
1798 1215 1861 1235 non
1879 1204 1998 1235 debent

356 1268 394 1287 ea
418 1257 573 1288 exhibere
598 1261 710 1287 eontra
738 1257 968 1298 imperatorem
993 1257 1043 1287 vel
1074 1257 1144 1287 eius
1176 1266 1400 1287 successorem
1426 1255 1465 1286 de
1491 1255 1606 1287 Crema
1631 1260 1663 1287 et
1687 1256 1798 1287 Insula
1822 1257 2000 1288 Fulehorii:

357 1309 400 1340 ita
424 1312 532 1340 tamen
557 1309 641 1350 quod
665 1319 766 1350 usque
792 1308 830 1339 ad
855 1309 951 1339 finem
977 1309 1098 1339 mensis
1124 1319 1161 1339 ea
1180 1307 1324 1347 reddant,
1350 1311 1521 1349 postquam
1539 1319 1557 1339 a
1574 1308 1790 1349 Papiensibus
1815 1309 1861 1339 eis
1881 1309 2001 1339 fuerint

357 1361 537 1401 adsignata.
592 1360 633 1391 Et
664 1361 689 1391 si
721 1371 800 1401 quas
832 1361 1057 1402 possessiones
1090 1360 1139 1391 vel
1169 1359 1299 1401 aliquod
1329 1360 1376 1390 ius
1401 1360 1542 1391 ecclesia
1566 1360 1793 1391 Cremonensis
1818 1360 1870 1391 vel
1895 1360 2002 1401 aliqua

359 1413 422 1443 alia
445 1423 584 1454 persona
608 1413 733 1454 privata
757 1411 1024 1443 Cremonensium
1051 1412 1099 1442 vel
1125 1412 1194 1442 eius
1221 1411 1418 1442 districtum*
1444 1412 1474 1442 in
1500 1411 1617 1442 Crema
1642 1412 1692 1443 vel
1709 1412 1821 1443 Insula
1838 1412 2000 1443 Fulcherii

2025 694 2047 712 lo

2026 957 2048 974 15

2026 1216 2051 1232 20

359 1465 442 1495 iuste
468 1464 574 1498 habet,
606 1465 714 1505 quiete
743 1464 862 1495 habeat
887 1468 918 1494 et
942 1464 1083 1495 debitam
1110 1468 1141 1495 01
1166 1467 1353 1494 consuetam
1378 1464 1539 1494 iusticiam
1564 1464 1651 1494 curie
1677 1468 1708 1495 et
1733 1464 1867 1506 imperio
1893 1464 1998 1495 faeiat.
2029 1474 2052 1492 -.ἰ

462 1519 491 1547 3.
524 1516 664 1547 l'redicti
695 1516 843 1547 consules
873 1516 1031 1547 Cremone
1062 1527 1132 1546 011111
1169 1516 1382 1557 infrascriptis
1413 1516 1595 1547 hominibus
1625 1516 1784 1547 Cremone
1814 1516 2002 1546 iuraverunt

359 1568 397 1599 ad
430 1572 541 1599 saneta
572 1568 633 1599 Dei
665 1568 835 1609 evangelia
865 1579 976 1609 pacem
1009 1568 1241 1599 Cremensibus
1276 1572 1308 1598 et
1338 1567 1636 1599 Mediolanensibus
1671 1573 1703 1598 et
1726 1568 1940 1599 Placentinis:
1971 1571 2002 1598 et

359 1620 551 1651 addiderunt
580 1620 610 1650 in
642 1620 710 1661 ipso
739 1624 958 1651 sacramento.
996 1620 1080 1661 quod
1117 1620 1236 1650 facient
1266 1621 1371 1651 iurare
1402 1619 1538 1650 eandem
1568 1630 1680 1661 pacem
1714 1619 1806 1650 sociis
1836 1619 1901 1650 suis
1927 1630 2000 1650 con—

360 1672 482 1703 sulibus
508 1672 667 1702 Cremone
693 1676 724 1702 et
748 1671 917 1702 eredeneie
942 1672 1011 1702 sine
1036 1671 1163 1703 fraude:
1196 1676 1228 1702 et
1253 1672 1336 1712 quod
1360 1671 1480 1702 facient
1504 1672 1610 1701 iurare
1635 1682 1733 1702 unum
1759 1671 1927 1702 consulum
1952 1672 2001 1701 vel

359 1724 499 1765 aliquam
530 1724 698 1754 honestam
724 1734 894 1765 personam
925 1722 965 1754 de
998 1724 1128 1754 civitate
1157 1724 1239 1754 bone
1265 1723 1424 1764 opinionis
1450 1724 1480 1753 in
1506 1724 1669 1756 concione.
1703 1723 1778 1754 (lata
1804 1723 1960 1764 parabola
1983 1734 2001 1752 a

360 1776 489 1817 populo,
517 1780 667 1817 presente
694 1776 809 1805 nuncio
835 1776 1050 1817 imperatoris.
1097 1775 1138 1805 Et
1164 1775 1223 1806 hoe
1249 1775 1333 1805 idem
1360 1779 1598 1806 sacramentum
1623 1776 1769 1806 fecerunt
1793 1775 1832 1805 (10
1858 1775 2003 1816 predicta

360 1839 439 1869 pace
463 1827 502 1858 (10
521 1828 695 1858 Cremona:
722 1826 876 1857 Albcrtus
898 1827 1047 1858 Trussus.
1073 1827 1284 1858 Ilomobonus
1309 1827 1347 1857 de
1372 1827 1488 1857 Trizio.
1514 1827 1654 1857 Peneius
1678 1826 1717 1857 de
1743 1826 1896 1860 Giroldis.
1920 1826 2001 1858 Ber-

360 1879 479 1910 nardus
503 1879 644 1910 Picinus.
671 1878 792 1909 Surdus
817 1879 856 1910 de
873 1879 1024 1912 Valariis.
1050 1879 1205 1909 Girardus
1231 1879 1346 1909 Faber.
1372 1879 1535 1909 Iohannes
1561 1879 1599 1909 de
1619 1878 1777 1911 Conrado.
1801 1879 1939 1910 Nichola
1963 1878 2002 1909 de

360 1932 460 1964 More.
494 1930 610 1961 Petrus
641 1931 680 1961 de
712 1930 859 1972 Suspiro.
898 1931 972 1962 Otto
998 1931 1036 1961 dc
1062 1931 1331 1962 Casalemorano.
1368 1931 1565 1961 Ambroxius
1591 1929 1630 1961 de
1656 1929 1866 1961 Scandolaria
1891 1931 2002 1961 consul

362 1980 532 2019 CremoncJ
557 1982 739 2013 'sodes-sous
759 1983 1033 2023 Sagittaelericus,
1060 1983 1215 2014 Girardus
1233 1983 1272 2013 de
1291 1983 1409 2023 Burgo.
1435 1983 1597 2014 Ottolinus
1615 1981 1654 2013 de
1673 1982 1793 2014 Persio.
1819 1982 2002 2013 Guidothus
2048 1996 2053 2007 ³

362 2035 401 2065 (10
426 2034 629 2068 Baldezonis.
656 2034 791 2065 Martius
816 2034 856 2065 <le
881 2034 1073 2066 Bradalono.
1100 2034 1256 2065 Barocius
1283 2034 1321 2065 de
1343 2034 1464 2075 Burgo.
1489 2033 1683 2064 Vuilielmus
1708 2033 1747 2064 de
1765 2033 1902 2065 Bellato.
1940 2034 2003 2070 Qui

362 2097 436 2117 vero
467 2097 589 2125 omnes,
621 2090 685 2117 tam
717 2086 864 2117 consules
894 2097 988 2127 quam
1019 2087 1128 2118 aliosfl.
1161 2087 1356 2123 iuraverunt.
1388 2086 1530 2128 predicta
1561 2087 1667 2116 omnia
1698 2096 1759 2126 que
1792 2087 1939 2127 superius
1971 2090 2003 2116 01

362 2138 494 2169 inferius
519 2138 635 2179 scripta
661 2142 733 2168 sunt
758 2139 842 2169 bona
865 2138 927 2169 fide
953 2138 1129 2169 adtendere
1155 2144 1187 2169 ct
1212 2139 1386 2169 observare
1412 2138 1538 2169 domino
1564 2137 1749 2178 imperatori
1767 2141 1799 2168 et
1817 2138 1884 2168 eius
1909 2138 2001 2179 parti,

363 2194 394 2221 et
427 2190 511 2231 quod
544 2190 663 2221 facient
695 2190 800 2220 iurare
833 2200 942 2220 onmes
975 2191 1078 2221 socios
1111 2201 1185 2221 suos
1218 2191 1365 2221 consules
1391 2190 1550 2220 Cremonc
1576 2193 1607 2220 et
1632 2200 1744 2220 omnes
1767 2189 1806 2220 de
1832 2189 2001 2221 eredeneia

363 2242 432 2273 sine
457 2242 568 2272 fraude
593 2242 653 2272 hoc
678 2241 760 2272 idem
786 2245 1032 2272 sacramentum.

466 2295 493 2323 -1,
520 2293 601 2323 Item
626 2293 846 2324 0005101110οῊι
870 2298 1105 2324 sacramentum
1132 2294 1220 2335 pacis
1246 2295 1394 2325 fecerunt
1411 2293 1568 2324 adversus
1586 2293 1748 2334 predictos
1767 2294 2004 2324 Cremonenses·

363 2345 401 2375 (10
427 2345 628 2376 Mediolano:
654 2344 797 2375 Ubertus
815 2345 1007 2376 Yieecomes
1033 2345 1071 2376 (10
1090 2345 1263 2376 Placcncia
1289 2349 1432 2386 potestas
1450 2345 1637 2376 Mediolani.
1657 2343 1851 2375 Yuilielmus
1870 2344 2003 2375 Burrus.

363 2397 558 2427 Yuilielmus
583 2396 622 2427 de
648 2398 724 2427 Osa.
751 2396 880 2427 Crottus
906 2397 945 2428 de
970 2398 1163 2429 Portanova.
1188 2398 1351 2428 ,λι-1111111115
1377 2397 1414 2427 de
1441 2398 1642 2438 Supraaqua.
1668 2396 1892 2437 Mutalbergus
1917 2396 2003 2426 Mar-

364 2449 507 2480 cellinus.
532 2449 645 2478 Amizo
671 2448 709 2478 dc
735 2449 894 2479 Sorixina.
919 2449 1072 2479 Ardricus
1097 2449 1135 2479 de
1161 2449 1315 2479 Moeciab.
1343 2449 1467 2479 Florius
1493 2449 1531 2479 de
1551 2448 1665 2479 Cruee.
1691 2447 1820 2478 Cassius
1847 2447 1886 2478 de
1905 2448 1999 2478 Lam-

364 2512 525 2542 pugnano.
551 2500 705 2531 Albertus
729 2499 768 2531 de
792 2500 1039 2541 Lampugnano.
1063 2501 1180 2531 Petrus
1206 2501 1244 2531 de
1271 2501 1403 2533 Δ11111110,
1428 2501 1600 2541 Reglerius
1624 2500 1820 2537 Μαι-10011115,
1846 2499 2001 2530 Ardricus

364 2553 402 2583 (10
427 2553 596 2583 Pusterna.
622 2551 776 2582 Albertus
801 2551 838 2582 de
857 2552 991 2582 Maii-ola
1009 2552 1128 2584 consul.
1154 2552 1300 2582 Iacomus
1318 2552 1504 2582 Mainerius.
1531 2551 1601 2592 [go
1619 2551 1658 2581 de
1677 2551 1872 2582 Camerario.
1898 2551 2001 2591 Paga-

367 2605 460 2635 ninus
485 2604 524 2633 (10
549 2603 654 2636 Catte.
681 2605 756 2633 Otto
779 2603 916 2639 Planus.
947 2603 1019 2644 Ugo
1044 2603 1082 2634 de
1109 2604 1224 2634 Sexto:
1256 2604 1294 2634 de
1320 2603 1448 2634 Crema:
1475 2605 1551 2633 Otto
1576 2602 1616 2633 de
1640 2602 1821 2639 Rivoltella,
1847 2602 2004 2633 Girardus

364 2656 404 2686 dc
429 2655 563 2687 Bon-ato.
594 2655 727 2685 Luvilus
757 2654 795 2685 de
830 2654 981 2688 Sablone.
1013 2654 1186 2686 Domettus
1212 2655 1402 2686 Bcnzettus:
1436 2655 1474 2685 de
1504 2654 1689 2685 Plaeencia:
1724 2654 1823 2695 Opizo
1847 2654 2002 2685 Novellus

467 2758 531 2784 306.
556 2764 577 2776 a*
600 2760 633 2782 siv:
653 2769 687 2782 ut:
778 2759 800 2791 b)
821 2760 855 2783 sle
870 2768 920 2791 ltro
940 2760 1055 2784 Medocia
1075 2769 1111 2784 ω’.

2029 1733 2054 1749 30

2032 2248 2056 2266 {o
