<?xml version="1.0" encoding="UTF-8"?>
<!DOCTYPE html PUBLIC "-//W3C//DTD XHTML 1.0 Transitional//EN"
    "http://www.w3.org/TR/xhtml1/DTD/xhtml1-transitional.dtd">
<html xmlns="http://www.w3.org/1999/xhtml" xml:lang="en" lang="en">
 <head>
  <title>
</title>
<meta http-equiv="Content-Type" content="text/html;charset=utf-8" />
  <meta name='ocr-system' content='tesseract 3.04.00' />
  <meta name='ocr-capabilities' content='ocr_page ocr_carea ocr_par ocr_line ocrx_word'/>
</head>
<body>
  <div class='ocr_page' id='page_1' title='image "./monumentagelegum01geseuoft/monumentagelegum01geseuoft_0037.png"; bbox 0 0 2205 3072; ppageno 0'>
   <div class='ocr_carea' id='block_1_1' title="bbox 137 716 161 734">
    <p class='ocr_par' dir='ltr' id='par_1_1' title="bbox 137 716 161 734">
     <span class='ocr_line' id='line_1_1' title="bbox 137 716 161 734; baseline -0.125 0"><span class='ocrx_word' id='word_1_1' title='bbox 137 716 161 734; x_wconf 84' lang='lat'>10</span> 
     </span>
    </p>
   </div>
   <div class='ocr_carea' id='block_1_2' title="bbox 139 973 160 990">
    <p class='ocr_par' dir='ltr' id='par_1_2' title="bbox 139 973 160 990">
     <span class='ocr_line' id='line_1_2' title="bbox 139 973 160 990; baseline 0 0"><span class='ocrx_word' id='word_1_2' title='bbox 139 973 160 990; x_wconf 80' lang='lat'>15</span> 
     </span>
    </p>
   </div>
   <div class='ocr_carea' id='block_1_3' title="bbox 138 1234 161 1252">
    <p class='ocr_par' dir='ltr' id='par_1_3' title="bbox 138 1234 161 1252">
     <span class='ocr_line' id='line_1_3' title="bbox 138 1234 161 1252; baseline 0 -3"><span class='ocrx_word' id='word_1_3' title='bbox 138 1234 161 1252; x_wconf 66' lang='grc' dir='ltr'>ΕΟ</span> 
     </span>
    </p>
   </div>
   <div class='ocr_carea' id='block_1_4' title="bbox 641 153 1822 187">
    <p class='ocr_par' dir='ltr' id='par_1_4' title="bbox 641 153 1822 187">
     <span class='ocr_line' id='line_1_4' title="bbox 641 153 1822 187; baseline 0.002 -9"><span class='ocrx_word' id='word_1_4' title='bbox 641 153 798 179; x_wconf 68' lang='lat' dir='ltr'>oTTole</span> <span class='ocrx_word' id='word_1_5' title='bbox 819 154 836 178; x_wconf 89' lang='lat' dir='ltr'>l.</span> <span class='ocrx_word' id='word_1_6' title='bbox 857 153 1176 179; x_wconf 50' lang='grc' dir='ltr'>(ῸΝΝΤΙΤΓΤῊ»ΝῇῙᾶ</span> <span class='ocrx_word' id='word_1_7' title='bbox 1207 156 1264 179; x_wconf 61' lang='lat' dir='ltr'>nis.</span> <span class='ocrx_word' id='word_1_8' title='bbox 1298 155 1343 180; x_wconf 67' lang='grc' dir='ltr'>ΧΓ.</span> <span class='ocrx_word' id='word_1_9' title='bbox 1358 156 1380 180; x_wconf 73' lang='lat' dir='ltr'>s».</span> <span class='ocrx_word' id='word_1_10' title='bbox 1794 159 1822 187; x_wconf 85' lang='grc' dir='ltr'>1Ῑ</span> 
     </span>
    </p>
   </div>
   <div class='ocr_carea' id='block_1_5' title="bbox 185 238 1834 1470">
    <p class='ocr_par' dir='ltr' id='par_1_5' title="bbox 185 238 1834 1470">
     <span class='ocr_line' id='line_1_5' title="bbox 187 238 1826 283; baseline 0.002 -15"><span class='ocrx_word' id='word_1_11' title='bbox 187 238 249 268; x_wconf 90' lang='lat' dir='ltr'>mei</span> <span class='ocrx_word' id='word_1_12' title='bbox 275 238 361 278; x_wconf 80' lang='lat' dir='ltr'>regis</span> <span class='ocrx_word' id='word_1_13' title='bbox 387 241 419 269; x_wconf 86' lang='lat' dir='ltr'>et</span> <span class='ocrx_word' id='word_1_14' title='bbox 444 242 584 269; x_wconf 80' lang='lat' dir='ltr'>nostram</span> <span class='ocrx_word' id='word_1_15' title='bbox 610 244 799 280; x_wconf 76' lang='lat' dir='ltr'>properaret</span> <span class='ocrx_word' id='word_1_16' title='bbox 824 241 854 270; x_wconf 91' lang='lat' dir='ltr'>in</span> <span class='ocrx_word' id='word_1_17' title='bbox 872 240 1054 272; x_wconf 84' lang='lat' dir='ltr'>Franciam.</span> <span class='ocrx_word' id='word_1_18' title='bbox 1101 241 1251 281; x_wconf 80' lang='lat' dir='ltr'>Denique</span> <span class='ocrx_word' id='word_1_19' title='bbox 1270 246 1440 282; x_wconf 72' lang='lat' dir='ltr'>postquam</span> <span class='ocrx_word' id='word_1_20' title='bbox 1459 242 1575 272; x_wconf 87' lang='lat' dir='ltr'>domna</span> <span class='ocrx_word' id='word_1_21' title='bbox 1594 246 1701 272; x_wconf 84' lang='lat' dir='ltr'>nostra</span> <span class='ocrx_word' id='word_1_22' title='bbox 1719 243 1826 283; x_wconf 79' lang='lat' dir='ltr'>regina</span> 
     </span>
     <span class='ocr_line' id='line_1_6' title="bbox 186 288 1829 333; baseline 0.002 -13"><span class='ocrx_word' id='word_1_23' title='bbox 186 288 379 320; x_wconf 81' lang='lat' dir='ltr'>Laudunum</span> <span class='ocrx_word' id='word_1_24' title='bbox 409 294 541 332; x_wconf 89' lang='lat' dir='ltr'>propter</span> <span class='ocrx_word' id='word_1_25' title='bbox 571 291 808 322; x_wconf 75' lang='lat' dir='ltr'>absolutionem</span> <span class='ocrx_word' id='word_1_26' title='bbox 833 292 940 322; x_wconf 89' lang='lat' dir='ltr'>domni</span> <span class='ocrx_word' id='word_1_27' title='bbox 975 293 1058 333; x_wconf 78' lang='lat' dir='ltr'>regis</span> <span class='ocrx_word' id='word_1_28' title='bbox 1083 293 1273 333; x_wconf 76' lang='lat' dir='ltr'>reliquerat,</span> <span class='ocrx_word' id='word_1_29' title='bbox 1307 304 1458 331; x_wconf 67' lang='lat' dir='ltr'>egressus</span> <span class='ocrx_word' id='word_1_30' title='bbox 1484 294 1573 331; x_wconf 55' lang='lat' dir='ltr'>inde.5</span> <span class='ocrx_word' id='word_1_31' title='bbox 1606 294 1645 324; x_wconf 87' lang='lat' dir='ltr'>ad</span> <span class='ocrx_word' id='word_1_32' title='bbox 1678 293 1829 324; x_wconf 89' lang='lat' dir='ltr'>domnum</span> 
     </span>
     <span class='ocr_line' id='line_1_7' title="bbox 188 341 1831 386; baseline 0.002 -15"><span class='ocrx_word' id='word_1_33' title='bbox 188 351 298 382; x_wconf 84' lang='lat' dir='ltr'>regem</span> <span class='ocrx_word' id='word_1_34' title='bbox 323 341 482 372; x_wconf 82' lang='lat' dir='ltr'>Othonem</span> <span class='ocrx_word' id='word_1_35' title='bbox 508 353 579 372; x_wconf 86' lang='lat' dir='ltr'>eum</span> <span class='ocrx_word' id='word_1_36' title='bbox 604 343 730 373; x_wconf 83' lang='lat' dir='ltr'>seniore</span> <span class='ocrx_word' id='word_1_37' title='bbox 756 354 827 373; x_wconf 88' lang='lat' dir='ltr'>meo</span> <span class='ocrx_word' id='word_1_38' title='bbox 852 343 966 374; x_wconf 86' lang='lat' dir='ltr'>deveni</span> <span class='ocrx_word' id='word_1_39' title='bbox 993 355 1079 385; x_wconf 75' lang='lat' dir='ltr'>rege.</span> <span class='ocrx_word' id='word_1_40' title='bbox 1106 345 1264 385; x_wconf 85' lang='lat' dir='ltr'>simulque</span> <span class='ocrx_word' id='word_1_41' title='bbox 1287 345 1408 375; x_wconf 81' lang='lat' dir='ltr'>Remos</span> <span class='ocrx_word' id='word_1_42' title='bbox 1433 347 1641 377; x_wconf 67' lang='lat' dir='ltr'>accessimus.</span> <span class='ocrx_word' id='word_1_43' title='bbox 1682 345 1831 386; x_wconf 76' lang='lat' dir='ltr'>Cingitur</span> 
     </span>
     <span class='ocr_line' id='line_1_8' title="bbox 187 393 1830 436; baseline 0.002 -13"><span class='ocrx_word' id='word_1_44' title='bbox 187 393 294 434; x_wconf 85' lang='lat' dir='ltr'>itaque</span> <span class='ocrx_word' id='word_1_45' title='bbox 325 393 400 423; x_wconf 89' lang='lat' dir='ltr'>urbs</span> <span class='ocrx_word' id='word_1_46' title='bbox 437 394 652 432; x_wconf 65' lang='lat' dir='ltr'>exercitibus,</span> <span class='ocrx_word' id='word_1_47' title='bbox 689 398 720 425; x_wconf 89' lang='lat' dir='ltr'>et</span> <span class='ocrx_word' id='word_1_48' title='bbox 755 395 896 436; x_wconf 85' lang='lat' dir='ltr'>episcopi</span> <span class='ocrx_word' id='word_1_49' title='bbox 934 396 987 436; x_wconf 88' lang='lat' dir='ltr'>qui</span> <span class='ocrx_word' id='word_1_50' title='bbox 1016 395 1150 425; x_wconf 86' lang='lat' dir='ltr'>aderant</span> <span class='ocrx_word' id='word_1_51' title='bbox 1183 407 1232 425; x_wconf 89' lang='lat' dir='ltr'>me</span> <span class='ocrx_word' id='word_1_52' title='bbox 1268 396 1334 427; x_wconf 82' lang='lat' dir='ltr'>sedi</span> <span class='ocrx_word' id='word_1_53' title='bbox 1365 400 1494 427; x_wconf 85' lang='lat' dir='ltr'>nostrae</span> <span class='ocrx_word' id='word_1_54' title='bbox 1530 397 1655 428; x_wconf 83' lang='lat' dir='ltr'>restitui</span> <span class='ocrx_word' id='word_1_55' title='bbox 1687 400 1830 428; x_wconf 86' lang='lat' dir='ltr'>censent.</span> 
     </span>
     <span class='ocr_line' id='line_1_9' title="bbox 187 444 1831 490; baseline 0.002 -16"><span class='ocrx_word' id='word_1_56' title='bbox 187 444 357 475; x_wconf 79' lang='lat' dir='ltr'>Mandatur</span> <span class='ocrx_word' id='word_1_57' title='bbox 394 456 470 486; x_wconf 83' lang='lat' dir='ltr'>ergo</span> <span class='ocrx_word' id='word_1_58' title='bbox 499 445 631 486; x_wconf 81' lang='lat' dir='ltr'>Hugoni</span> <span class='ocrx_word' id='word_1_59' title='bbox 663 456 678 475; x_wconf 86' lang='lat' dir='ltr'>a</span> <span class='ocrx_word' id='word_1_60' title='bbox 712 445 828 476; x_wconf 86' lang='lat' dir='ltr'>domno</span> <span class='ocrx_word' id='word_1_61' title='bbox 863 457 939 486; x_wconf 73' lang='lat' dir='ltr'>rege</span> <span class='ocrx_word' id='word_1_62' title='bbox 972 447 1117 477; x_wconf 72' lang='lat' dir='ltr'>Othone.</span> <span class='ocrx_word' id='word_1_63' title='bbox 1154 452 1187 477; x_wconf 89' lang='lat' dir='ltr'>ut</span> <span class='ocrx_word' id='word_1_64' title='bbox 1219 448 1404 488; x_wconf 69' lang='lat' dir='ltr'>egrediatur</span> <span class='ocrx_word' id='word_1_65' title='bbox 1437 452 1468 479; x_wconf 87' lang='lat' dir='ltr'>ct</span> <span class='ocrx_word' id='word_1_66' title='bbox 1501 459 1670 490; x_wconf 73' lang='lat' dir='ltr'>pervasam</span> <span class='ocrx_word' id='word_1_67' title='bbox 1703 447 1831 478; x_wconf 81' lang='lat' dir='ltr'>deserat</span> 
     </span>
     <span class='ocr_line' id='line_1_10' title="bbox 185 495 1830 541; baseline 0.002 -16"><span class='ocrx_word' id='word_1_68' title='bbox 185 495 308 527; x_wconf 90' lang='lat' dir='ltr'>urbem.</span> <span class='ocrx_word' id='word_1_69' title='bbox 362 496 406 526; x_wconf 80' lang='lat' dir='ltr'>At</span> <span class='ocrx_word' id='word_1_70' title='bbox 441 497 495 527; x_wconf 89' lang='lat' dir='ltr'>ille</span> <span class='ocrx_word' id='word_1_71' title='bbox 533 500 650 527; x_wconf 85' lang='lat' dir='ltr'>nutans</span> <span class='ocrx_word' id='word_1_72' title='bbox 686 497 882 538; x_wconf 74' lang='lat' dir='ltr'>aliquamdiu</span> <span class='ocrx_word' id='word_1_73' title='bbox 913 502 945 528; x_wconf 88' lang='lat' dir='ltr'>et</span> <span class='ocrx_word' id='word_1_74' title='bbox 977 509 1032 538; x_wconf 84' lang='lat' dir='ltr'>pro</span> <span class='ocrx_word' id='word_1_75' title='bbox 1063 509 1174 539; x_wconf 73' lang='lat' dir='ltr'>posse,</span> <span class='ocrx_word' id='word_1_76' title='bbox 1207 499 1258 529; x_wconf 91' lang='lat' dir='ltr'>ubi</span> <span class='ocrx_word' id='word_1_77' title='bbox 1293 499 1370 529; x_wconf 83' lang='lat' dir='ltr'>vidit</span> <span class='ocrx_word' id='word_1_78' title='bbox 1401 499 1440 530; x_wconf 90' lang='lat' dir='ltr'>ad</span> <span class='ocrx_word' id='word_1_79' title='bbox 1467 500 1678 531; x_wconf 85' lang='lat' dir='ltr'>resistendum</span> <span class='ocrx_word' id='word_1_80' title='bbox 1702 500 1830 541; x_wconf 83' lang='lat' dir='ltr'>penitus</span> 
     </span>
     <span class='ocr_line' id='line_1_11' title="bbox 186 546 1831 591; baseline 0.003 -14"><span class='ocrx_word' id='word_1_81' title='bbox 186 546 334 578; x_wconf 78' lang='lat' dir='ltr'>sufficere</span> <span class='ocrx_word' id='word_1_82' title='bbox 367 557 401 578; x_wconf 86' lang='lat' dir='ltr'>se</span> <span class='ocrx_word' id='word_1_83' title='bbox 435 558 636 588; x_wconf 80' lang='lat' dir='ltr'>nequaquam</span> <span class='ocrx_word' id='word_1_84' title='bbox 668 549 776 579; x_wconf 78' lang='lat' dir='ltr'>valere</span> <span class='ocrx_word' id='word_1_85' title='bbox 808 560 866 579; x_wconf 87' lang='lat' dir='ltr'>nec</span> <span class='ocrx_word' id='word_1_86' title='bbox 892 550 1066 580; x_wconf 84' lang='lat' dir='ltr'>amicorum</span> <span class='ocrx_word' id='word_1_87' title='bbox 1094 550 1152 580; x_wconf 86' lang='lat' dir='ltr'>sibi</span> <span class='ocrx_word' id='word_1_88' title='bbox 1177 550 1315 591; x_wconf 85' lang='lat' dir='ltr'>presidia</span> <span class='ocrx_word' id='word_1_89' title='bbox 1342 551 1523 585; x_wconf 78' lang='lat' dir='ltr'>subvenire,</span> <span class='ocrx_word' id='word_1_90' title='bbox 1548 551 1693 582; x_wconf 82' lang='lat' dir='ltr'>decernit</span> <span class='ocrx_word' id='word_1_91' title='bbox 1710 562 1831 582; x_wconf 83' lang='lat' dir='ltr'>excun-</span> 
     </span>
     <span class='ocr_line' id='line_1_12' title="bbox 186 597 1830 644; baseline 0.004 -16"><span class='ocrx_word' id='word_1_92' title='bbox 186 597 271 633; x_wconf 73' lang='lat' dir='ltr'>dum,</span> <span class='ocrx_word' id='word_1_93' title='bbox 297 609 455 640; x_wconf 84' lang='lat' dir='ltr'>quaerens</span> <span class='ocrx_word' id='word_1_94' title='bbox 480 604 514 629; x_wconf 89' lang='lat' dir='ltr'>ut</span> <span class='ocrx_word' id='word_1_95' title='bbox 538 599 620 630; x_wconf 89' lang='lat' dir='ltr'>liber</span> <span class='ocrx_word' id='word_1_96' title='bbox 645 611 716 630; x_wconf 87' lang='lat' dir='ltr'>cum</span> <span class='ocrx_word' id='word_1_97' title='bbox 742 601 808 631; x_wconf 91' lang='lat' dir='ltr'>suis</span> <span class='ocrx_word' id='word_1_98' title='bbox 835 600 1015 631; x_wconf 74' lang='lat' dir='ltr'>dimittatur</span> <span class='ocrx_word' id='word_1_99' title='bbox 1039 601 1229 632; x_wconf 83' lang='lat' dir='ltr'>abscedere.</span> <span class='ocrx_word' id='word_1_100' title='bbox 1278 602 1481 633; x_wconf 87' lang='lat' dir='ltr'>Permittitur</span> <span class='ocrx_word' id='word_1_101' title='bbox 1498 603 1605 644; x_wconf 84' lang='lat' dir='ltr'>itaque</span> <span class='ocrx_word' id='word_1_102' title='bbox 1625 614 1722 634; x_wconf 85' lang='lat' dir='ltr'>sanus</span> <span class='ocrx_word' id='word_1_103' title='bbox 1741 603 1830 633; x_wconf 85' lang='lat' dir='ltr'>exire</span> 
     </span>
     <span class='ocr_line' id='line_1_13' title="bbox 186 651 1832 695; baseline 0.002 -15"><span class='ocrx_word' id='word_1_104' title='bbox 186 660 258 680; x_wconf 83' lang='lat' dir='ltr'>eum</span> <span class='ocrx_word' id='word_1_105' title='bbox 287 651 434 682; x_wconf 85' lang='lat' dir='ltr'>omnibus</span> <span class='ocrx_word' id='word_1_106' title='bbox 467 651 519 692; x_wconf 88' lang='lat' dir='ltr'>qui</span> <span class='ocrx_word' id='word_1_107' title='bbox 552 662 662 682; x_wconf 87' lang='lat' dir='ltr'>seeum</span> <span class='ocrx_word' id='word_1_108' title='bbox 694 653 823 683; x_wconf 83' lang='lat' dir='ltr'>voluere</span> <span class='ocrx_word' id='word_1_109' title='bbox 854 654 1016 685; x_wconf 85' lang='lat' dir='ltr'>comitari.</span> <span class='ocrx_word' id='word_1_110' title='bbox 1050 658 1081 684; x_wconf 89' lang='lat' dir='ltr'>et</span> <span class='ocrx_word' id='word_1_111' title='bbox 1110 664 1321 695; x_wconf 76' lang='lat' dir='ltr'>‹piaecunqne</span> <span class='ocrx_word' id='word_1_112' title='bbox 1354 665 1462 685; x_wconf 79' lang='lat' dir='ltr'>seeum</span> <span class='ocrx_word' id='word_1_113' title='bbox 1488 655 1588 685; x_wconf 87' lang='lat' dir='ltr'>voluit</span> <span class='ocrx_word' id='word_1_114' title='bbox 1612 656 1710 686; x_wconf 77' lang='lat' dir='ltr'>terre.</span> <span class='ocrx_word' id='word_1_115' title='bbox 1743 655 1832 685; x_wconf 83' lang='lat' dir='ltr'>nullo</span> 
     </span>
     <span class='ocr_line' id='line_1_14' title="bbox 188 701 1832 748; baseline 0.003 -17"><span class='ocrx_word' id='word_1_116' title='bbox 188 701 438 736; x_wconf 77' lang='lat' dir='ltr'>contradicente,</span> <span class='ocrx_word' id='word_1_117' title='bbox 463 704 650 744; x_wconf 75' lang='lat' dir='ltr'>asportavit.</span> <span class='ocrx_word' id='word_1_118' title='bbox 692 704 809 745; x_wconf 80' lang='lat' dir='ltr'>Sicque</span> <span class='ocrx_word' id='word_1_119' title='bbox 831 716 902 735; x_wconf 79' lang='lat' dir='ltr'>eum</span> <span class='ocrx_word' id='word_1_120' title='bbox 923 705 1054 743; x_wconf 56' lang='lat' dir='ltr'>regibus</span> <span class='ocrx_word' id='word_1_121' title='bbox 1073 705 1291 746; x_wconf 71' lang='lat' dir='ltr'>introgressus</span> <span class='ocrx_word' id='word_1_122' title='bbox 1315 707 1437 737; x_wconf 85' lang='lat' dir='ltr'>urbem.</span> <span class='ocrx_word' id='word_1_123' title='bbox 1463 707 1620 748; x_wconf 86' lang='lat' dir='ltr'>precipior</span> <span class='ocrx_word' id='word_1_124' title='bbox 1638 707 1706 737; x_wconf 87' lang='lat' dir='ltr'>loeo</span> <span class='ocrx_word' id='word_1_125' title='bbox 1725 709 1832 736; x_wconf 86' lang='lat' dir='ltr'>nostro</span> 
     </span>
     <span class='ocr_line' id='line_1_15' title="bbox 187 753 1833 798; baseline 0.002 -14"><span class='ocrx_word' id='word_1_126' title='bbox 187 757 219 784; x_wconf 83' lang='lat' dir='ltr'>et</span> <span class='ocrx_word' id='word_1_127' title='bbox 250 753 362 784; x_wconf 90' lang='lat' dir='ltr'>honori</span> <span class='ocrx_word' id='word_1_128' title='bbox 397 755 532 785; x_wconf 87' lang='lat' dir='ltr'>restitui.</span> <span class='ocrx_word' id='word_1_129' title='bbox 586 756 763 796; x_wconf 71' lang='lat' dir='ltr'>Susceptus</span> <span class='ocrx_word' id='word_1_130' title='bbox 796 756 894 796; x_wconf 86' lang='lat' dir='ltr'>igitur</span> <span class='ocrx_word' id='word_1_131' title='bbox 924 767 941 786; x_wconf 87' lang='lat' dir='ltr'>a</span> <span class='ocrx_word' id='word_1_132' title='bbox 973 756 1100 787; x_wconf 82' lang='lat' dir='ltr'>domnis</span> <span class='ocrx_word' id='word_1_133' title='bbox 1130 757 1382 798; x_wconf 85' lang='lat' dir='ltr'>archiepiscopis</span> <span class='ocrx_word' id='word_1_134' title='bbox 1410 758 1566 789; x_wconf 77' lang='lat' dir='ltr'>Hotberto</span> <span class='ocrx_word' id='word_1_135' title='bbox 1592 758 1776 789; x_wconf 84' lang='lat' dir='ltr'>Trevireusi</span> <span class='ocrx_word' id='word_1_136' title='bbox 1802 762 1833 787; x_wconf 88' lang='lat' dir='ltr'>et</span> 
     </span>
     <span class='ocr_line' id='line_1_16' title="bbox 188 804 1833 849; baseline 0.002 -14"><span class='ocrx_word' id='word_1_137' title='bbox 188 804 359 836; x_wconf 81' lang='lat' dir='ltr'>Frederieo</span> <span class='ocrx_word' id='word_1_138' title='bbox 384 805 649 847; x_wconf 82' lang='lat' dir='ltr'>Mogontiacensi.</span> <span class='ocrx_word' id='word_1_139' title='bbox 675 807 903 838; x_wconf 84' lang='lat' dir='ltr'>comitantibus</span> <span class='ocrx_word' id='word_1_140' title='bbox 929 809 1046 838; x_wconf 88' lang='lat' dir='ltr'>ceteris</span> <span class='ocrx_word' id='word_1_141' title='bbox 1073 813 1104 838; x_wconf 89' lang='lat' dir='ltr'>et</span> <span class='ocrx_word' id='word_1_142' title='bbox 1123 809 1424 849; x_wconf 75' lang='lat' dir='ltr'>congratulantibus</span> <span class='ocrx_word' id='word_1_143' title='bbox 1450 814 1513 840; x_wconf 90' lang='lat' dir='ltr'>tam</span> <span class='ocrx_word' id='word_1_144' title='bbox 1532 810 1656 840; x_wconf 89' lang='lat' dir='ltr'>clericis</span> <span class='ocrx_word' id='word_1_145' title='bbox 1674 809 1833 840; x_wconf 79' lang='lat' dir='ltr'>ecelesiae</span> 
     </span>
     <span class='ocr_line' id='line_1_17' title="bbox 188 858 1833 902; baseline 0.002 -16"><span class='ocrx_word' id='word_1_146' title='bbox 188 860 316 887; x_wconf 84' lang='lat' dir='ltr'>nostrae</span> <span class='ocrx_word' id='word_1_147' title='bbox 351 868 444 898; x_wconf 87' lang='lat' dir='ltr'>quam</span> <span class='ocrx_word' id='word_1_148' title='bbox 479 858 611 899; x_wconf 85' lang='lat' dir='ltr'>reliquis</span> <span class='ocrx_word' id='word_1_149' title='bbox 646 858 784 889; x_wconf 87' lang='lat' dir='ltr'>civibus.</span> <span class='ocrx_word' id='word_1_150' title='bbox 821 859 860 889; x_wconf 86' lang='lat' dir='ltr'>ab</span> <span class='ocrx_word' id='word_1_151' title='bbox 892 859 970 900; x_wconf 80' lang='lat' dir='ltr'>ipsis</span> <span class='ocrx_word' id='word_1_152' title='bbox 1003 860 1154 890; x_wconf 86' lang='lat' dir='ltr'>restituor</span> <span class='ocrx_word' id='word_1_153' title='bbox 1185 860 1361 891; x_wconf 57' lang='lat' dir='ltr'>cathedra‘n‘·</span> <span class='ocrx_word' id='word_1_154' title='bbox 1393 861 1579 902; x_wconf 19' lang='lat' dir='ltr'>elssiisiropali.</span> <span class='ocrx_word' id='word_1_155' title='bbox 1635 861 1732 902; x_wconf 80' lang='lat' dir='ltr'>Ilugo</span> <span class='ocrx_word' id='word_1_156' title='bbox 1758 871 1833 891; x_wconf 81' lang='lat' dir='ltr'>vcro</span> 
     </span>
     <span class='ocr_line' id='line_1_18' title="bbox 188 908 1834 953; baseline 0.002 -15"><span class='ocrx_word' id='word_1_157' title='bbox 188 908 297 939; x_wconf 84' lang='lat' dir='ltr'>Remis</span> <span class='ocrx_word' id='word_1_158' title='bbox 321 920 481 950; x_wconf 78' lang='lat' dir='ltr'>egressus.</span> <span class='ocrx_word' id='word_1_159' title='bbox 508 909 687 940; x_wconf 82' lang='lat' dir='ltr'>Mosomum</span> <span class='ocrx_word' id='word_1_160' title='bbox 713 914 854 940; x_wconf 81' lang='lat' dir='ltr'>castrum</span> <span class='ocrx_word' id='word_1_161' title='bbox 879 921 950 941; x_wconf 84' lang='lat' dir='ltr'>cum</span> <span class='ocrx_word' id='word_1_162' title='bbox 977 911 1042 941; x_wconf 85' lang='lat' dir='ltr'>suis</span> <span class='ocrx_word' id='word_1_163' title='bbox 1067 917 1214 952; x_wconf 82' lang='lat' dir='ltr'>occupat.</span> <span class='ocrx_word' id='word_1_164' title='bbox 1247 916 1278 942; x_wconf 85' lang='lat' dir='ltr'>et</span> <span class='ocrx_word' id='word_1_165' title='bbox 1303 913 1451 942; x_wconf 87' lang='lat' dir='ltr'>muniens</span> <span class='ocrx_word' id='word_1_166' title='bbox 1477 918 1588 943; x_wconf 89' lang='lat' dir='ltr'>contra</span> <span class='ocrx_word' id='word_1_167' title='bbox 1613 912 1724 943; x_wconf 81' lang='lat' dir='ltr'>fideles</span> <span class='ocrx_word' id='word_1_168' title='bbox 1749 913 1834 953; x_wconf 79' lang='lat' dir='ltr'>regis</span> 
     </span>
     <span class='ocr_line' id='line_1_19' title="bbox 189 961 1834 1006; baseline 0.002 -15"><span class='ocrx_word' id='word_1_169' title='bbox 189 961 325 991; x_wconf 80' lang='lat' dir='ltr'>senioris</span> <span class='ocrx_word' id='word_1_170' title='bbox 351 962 451 992; x_wconf 82' lang='lat' dir='ltr'>nostri</span> <span class='ocrx_word' id='word_1_171' title='bbox 484 961 616 992; x_wconf 85' lang='lat' dir='ltr'>detinet.</span> <span class='ocrx_word' id='word_1_172' title='bbox 707 963 756 997; x_wconf 63' lang='lat' dir='ltr'>‹S›</span> <span class='ocrx_word' id='word_1_173' title='bbox 781 962 903 993; x_wconf 86' lang='lat' dir='ltr'>Habito</span> <span class='ocrx_word' id='word_1_174' title='bbox 936 963 1074 1003; x_wconf 85' lang='lat' dir='ltr'>denique</span> <span class='ocrx_word' id='word_1_175' title='bbox 1106 964 1255 1004; x_wconf 77' lang='lat' dir='ltr'>colloquii</span> <span class='ocrx_word' id='word_1_176' title='bbox 1281 964 1399 1005; x_wconf 84' lang='lat' dir='ltr'>placito</span> <span class='ocrx_word' id='word_1_177' title='bbox 1424 965 1509 995; x_wconf 88' lang='lat' dir='ltr'>inter</span> <span class='ocrx_word' id='word_1_178' title='bbox 1533 975 1640 1006; x_wconf 82' lang='lat' dir='ltr'>reges.</span> <span class='ocrx_word' id='word_1_179' title='bbox 1675 965 1834 995; x_wconf 76' lang='lat' dir='ltr'>seniorem</span> 
     </span>
     <span class='ocr_line' id='line_1_20' title="bbox 187 1013 1834 1056; baseline 0.002 -13"><span class='ocrx_word' id='word_1_180' title='bbox 187 1023 292 1043; x_wconf 86' lang='lat' dir='ltr'>meum</span> <span class='ocrx_word' id='word_1_181' title='bbox 317 1013 467 1045; x_wconf 82' lang='lat' dir='ltr'>videlieet</span> <span class='ocrx_word' id='word_1_182' title='bbox 492 1025 528 1044; x_wconf 88' lang='lat' dir='ltr'>ae</span> <span class='ocrx_word' id='word_1_183' title='bbox 553 1014 705 1044; x_wconf 90' lang='lat' dir='ltr'>domnum</span> <span class='ocrx_word' id='word_1_184' title='bbox 731 1014 902 1048; x_wconf 73' lang='lat' dir='ltr'>Othonem,</span> <span class='ocrx_word' id='word_1_185' title='bbox 929 1026 1026 1056; x_wconf 85' lang='lat' dir='ltr'>super</span> <span class='ocrx_word' id='word_1_186' title='bbox 1050 1015 1189 1046; x_wconf 51' lang='lat' dir='ltr'>(fhamm</span> <span class='ocrx_word' id='word_1_187' title='bbox 1215 1016 1356 1047; x_wconf 77' lang='lat' dir='ltr'>fluvium.</span> <span class='ocrx_word' id='word_1_188' title='bbox 1383 1017 1593 1047; x_wconf 71' lang='lat' dir='ltr'>convenimus</span> <span class='ocrx_word' id='word_1_189' title='bbox 1619 1016 1658 1047; x_wconf 89' lang='lat' dir='ltr'>ad</span> <span class='ocrx_word' id='word_1_190' title='bbox 1675 1015 1752 1046; x_wconf 89' lang='lat' dir='ltr'>illud</span> <span class='ocrx_word' id='word_1_191' title='bbox 1770 1020 1834 1046; x_wconf 85' lang='lat' dir='ltr'>tam</span> 
     </span>
     <span class='ocr_line' id='line_1_21' title="bbox 187 1065 1834 1109; baseline 0.001 -14"><span class='ocrx_word' id='word_1_192' title='bbox 187 1075 247 1106; x_wconf 84' lang='lat' dir='ltr'>ego</span> <span class='ocrx_word' id='word_1_193' title='bbox 283 1076 377 1106; x_wconf 87' lang='lat' dir='ltr'>quam</span> <span class='ocrx_word' id='word_1_194' title='bbox 414 1066 482 1106; x_wconf 87' lang='lat' dir='ltr'>ipse</span> <span class='ocrx_word' id='word_1_195' title='bbox 513 1065 609 1107; x_wconf 70' lang='lat' dir='ltr'>Ilugo</span> <span class='ocrx_word' id='word_1_196' title='bbox 645 1077 715 1096; x_wconf 87' lang='lat' dir='ltr'>eum</span> <span class='ocrx_word' id='word_1_197' title='bbox 748 1067 988 1097; x_wconf 79' lang='lat' dir='ltr'>ordinatoribus</span> <span class='ocrx_word' id='word_1_198' title='bbox 1019 1068 1096 1097; x_wconf 83' lang='lat' dir='ltr'>suis.</span> <span class='ocrx_word' id='word_1_199' title='bbox 1151 1067 1262 1108; x_wconf 90' lang='lat' dir='ltr'>Ibique</span> <span class='ocrx_word' id='word_1_200' title='bbox 1291 1079 1342 1099; x_wconf 84' lang='lat' dir='ltr'>res</span> <span class='ocrx_word' id='word_1_201' title='bbox 1380 1069 1442 1098; x_wconf 88' lang='lat' dir='ltr'>litis</span> <span class='ocrx_word' id='word_1_202' title='bbox 1475 1068 1568 1098; x_wconf 90' lang='lat' dir='ltr'>huius</span> <span class='ocrx_word' id='word_1_203' title='bbox 1601 1068 1640 1098; x_wconf 89' lang='lat' dir='ltr'>ab</span> <span class='ocrx_word' id='word_1_204' title='bbox 1674 1068 1834 1109; x_wconf 85' lang='lat' dir='ltr'>episeopis</span> 
     </span>
     <span class='ocr_line' id='line_1_22' title="bbox 186 1116 1833 1161; baseline 0.001 -14"><span class='ocrx_word' id='word_1_205' title='bbox 186 1116 329 1148; x_wconf 83' lang='lat' dir='ltr'>auditur:</span> <span class='ocrx_word' id='word_1_206' title='bbox 362 1117 556 1158; x_wconf 78' lang='lat' dir='ltr'>protulitque</span> <span class='ocrx_word' id='word_1_207' title='bbox 582 1118 706 1148; x_wconf 84' lang='lat' dir='ltr'>litteras</span> <span class='ocrx_word' id='word_1_208' title='bbox 732 1117 769 1148; x_wconf 87' lang='lat' dir='ltr'>ad</span> <span class='ocrx_word' id='word_1_209' title='bbox 795 1118 904 1149; x_wconf 89' lang='lat' dir='ltr'>sedem</span> <span class='ocrx_word' id='word_1_210' title='bbox 933 1118 1109 1149; x_wconf 73' lang='lat' dir='ltr'>Romanam</span> <span class='ocrx_word' id='word_1_211' title='bbox 1136 1120 1226 1160; x_wconf 84' lang='lat' dir='ltr'>quasi</span> <span class='ocrx_word' id='word_1_212' title='bbox 1257 1130 1297 1150; x_wconf 78' lang='lat' dir='ltr'>ex</span> <span class='ocrx_word' id='word_1_213' title='bbox 1322 1124 1432 1150; x_wconf 89' lang='lat' dir='ltr'>nostra</span> <span class='ocrx_word' id='word_1_214' title='bbox 1458 1131 1595 1161; x_wconf 42' lang='lat' dir='ltr'>persona.</span> <span class='ocrx_word' id='word_1_215' title='bbox 1619 1120 1709 1150; x_wconf 86' lang='lat' dir='ltr'>datas</span> <span class='ocrx_word' id='word_1_216' title='bbox 1735 1130 1833 1150; x_wconf 84' lang='lat' dir='ltr'>excu-</span> 
     </span>
     <span class='ocr_line' id='line_1_23' title="bbox 187 1168 1834 1213; baseline 0.002 -15"><span class='ocrx_word' id='word_1_217' title='bbox 187 1168 317 1199; x_wconf 78' lang='lat' dir='ltr'>sationis</span> <span class='ocrx_word' id='word_1_218' title='bbox 353 1179 461 1203; x_wconf 74' lang='lat' dir='ltr'>meae,</span> <span class='ocrx_word' id='word_1_219' title='bbox 496 1170 563 1199; x_wconf 87' lang='lat' dir='ltr'>acsi</span> <span class='ocrx_word' id='word_1_220' title='bbox 594 1170 795 1200; x_wconf 80' lang='lat' dir='ltr'>vacationem</span> <span class='ocrx_word' id='word_1_221' title='bbox 829 1174 977 1210; x_wconf 84' lang='lat' dir='ltr'>petentes</span> <span class='ocrx_word' id='word_1_222' title='bbox 1013 1170 1300 1202; x_wconf 75' lang='lat' dir='ltr'>administrationis</span> <span class='ocrx_word' id='word_1_223' title='bbox 1337 1172 1490 1213; x_wconf 86' lang='lat' dir='ltr'>episcopii</span> <span class='ocrx_word' id='word_1_224' title='bbox 1521 1172 1633 1203; x_wconf 88' lang='lat' dir='ltr'>nostri:</span> <span class='ocrx_word' id='word_1_225' title='bbox 1672 1182 1750 1213; x_wconf 83' lang='lat' dir='ltr'>quas</span> <span class='ocrx_word' id='word_1_226' title='bbox 1784 1182 1834 1201; x_wconf 88' lang='lat' dir='ltr'>mc</span> 
     </span>
     <span class='ocr_line' id='line_1_24' title="bbox 188 1220 1831 1264; baseline 0.001 -14"><span class='ocrx_word' id='word_1_227' title='bbox 188 1230 362 1261; x_wconf 87' lang='lat' dir='ltr'>numquam</span> <span class='ocrx_word' id='word_1_228' title='bbox 393 1220 533 1251; x_wconf 82' lang='lat' dir='ltr'>dictasse</span> <span class='ocrx_word' id='word_1_229' title='bbox 566 1231 669 1262; x_wconf 86' lang='lat' dir='ltr'>neque</span> <span class='ocrx_word' id='word_1_230' title='bbox 700 1221 749 1251; x_wconf 80' lang='lat' dir='ltr'>vel</span> <span class='ocrx_word' id='word_1_231' title='bbox 780 1221 1011 1252; x_wconf 86' lang='lat' dir='ltr'>subscribendo</span> <span class='ocrx_word' id='word_1_232' title='bbox 1043 1223 1246 1263; x_wconf 82' lang='lat' dir='ltr'>aliquatenus</span> <span class='ocrx_word' id='word_1_233' title='bbox 1277 1223 1504 1254; x_wconf 78' lang='lat' dir='ltr'>c‹1›rroborasse.</span> <span class='ocrx_word' id='word_1_234' title='bbox 1534 1227 1728 1264; x_wconf 81' lang='lat' dir='ltr'>protestatus</span> <span class='ocrx_word' id='word_1_235' title='bbox 1761 1233 1831 1252; x_wconf 85' lang='lat' dir='ltr'>sum</span> 
     </span>
     <span class='ocr_line' id='line_1_25' title="bbox 187 1272 1833 1316; baseline 0.002 -14"><span class='ocrx_word' id='word_1_236' title='bbox 187 1275 282 1312; x_wconf 86' lang='lat' dir='ltr'>atque</span> <span class='ocrx_word' id='word_1_237' title='bbox 308 1275 478 1313; x_wconf 85' lang='lat' dir='ltr'>protestor.</span> <span class='ocrx_word' id='word_1_238' title='bbox 531 1272 570 1302; x_wconf 80' lang='lat' dir='ltr'>Et</span> <span class='ocrx_word' id='word_1_239' title='bbox 602 1273 676 1313; x_wconf 84' lang='lat' dir='ltr'>quia</span> <span class='ocrx_word' id='word_1_240' title='bbox 702 1277 776 1303; x_wconf 86' lang='lat' dir='ltr'>tunc</span> <span class='ocrx_word' id='word_1_241' title='bbox 811 1273 941 1304; x_wconf 84' lang='lat' dir='ltr'>sinodus</span> <span class='ocrx_word' id='word_1_242' title='bbox 968 1279 1145 1305; x_wconf 74' lang='lat' dir='ltr'>convocata</span> <span class='ocrx_word' id='word_1_243' title='bbox 1174 1286 1234 1305; x_wconf 93' lang='lat' dir='ltr'>non</span> <span class='ocrx_word' id='word_1_244' title='bbox 1261 1275 1380 1311; x_wconf 72' lang='lat' dir='ltr'>fuerat,</span> <span class='ocrx_word' id='word_1_245' title='bbox 1414 1275 1442 1305; x_wconf 88' lang='lat' dir='ltr'>id</span> <span class='ocrx_word' id='word_1_246' title='bbox 1468 1276 1702 1316; x_wconf 84' lang='lat' dir='ltr'>opponentibus</span> <span class='ocrx_word' id='word_1_247' title='bbox 1728 1275 1833 1305; x_wconf 86' lang='lat' dir='ltr'>fauto—</span> 
     </span>
     <span class='ocr_line' id='line_1_26' title="bbox 186 1323 1834 1367; baseline 0.002 -14"><span class='ocrx_word' id='word_1_248' title='bbox 186 1323 272 1353; x_wconf 85' lang='lat' dir='ltr'>ribus</span> <span class='ocrx_word' id='word_1_249' title='bbox 298 1323 398 1365; x_wconf 87' lang='lat' dir='ltr'>ipsius</span> <span class='ocrx_word' id='word_1_250' title='bbox 424 1323 590 1364; x_wconf 64' lang='lat' dir='ltr'>Ilugonis.</span> <span class='ocrx_word' id='word_1_251' title='bbox 623 1325 791 1354; x_wconf 69' lang='lat' dir='ltr'>altercatio</span> <span class='ocrx_word' id='word_1_252' title='bbox 822 1329 931 1355; x_wconf 85' lang='lat' dir='ltr'>nostra</span> <span class='ocrx_word' id='word_1_253' title='bbox 961 1325 1168 1356; x_wconf 83' lang='lat' dir='ltr'>determinari</span> <span class='ocrx_word' id='word_1_254' title='bbox 1199 1337 1262 1356; x_wconf 88' lang='lat' dir='ltr'>non</span> <span class='ocrx_word' id='word_1_255' title='bbox 1294 1327 1406 1367; x_wconf 89' lang='lat' dir='ltr'>potuit.</span> <span class='ocrx_word' id='word_1_256' title='bbox 1455 1327 1591 1357; x_wconf 66' lang='lat' dir='ltr'>Sinodus</span> <span class='ocrx_word' id='word_1_257' title='bbox 1615 1331 1722 1358; x_wconf 86' lang='lat' dir='ltr'>autem</span> <span class='ocrx_word' id='word_1_258' title='bbox 1750 1327 1834 1357; x_wconf 88' lang='lat' dir='ltr'>circa</span> 
     </span>
     <span class='ocr_line' id='line_1_27' title="bbox 186 1375 1833 1420; baseline 0.002 -15"><span class='ocrx_word' id='word_1_259' title='bbox 186 1375 328 1405; x_wconf 87' lang='lat' dir='ltr'>medium</span> <span class='ocrx_word' id='word_1_260' title='bbox 358 1376 478 1406; x_wconf 84' lang='lat' dir='ltr'>mensis</span> <span class='ocrx_word' id='word_1_261' title='bbox 509 1375 702 1406; x_wconf 78' lang='lat' dir='ltr'>Novembris</span> <span class='ocrx_word' id='word_1_262' title='bbox 737 1376 884 1407; x_wconf 84' lang='lat' dir='ltr'>habenda</span> <span class='ocrx_word' id='word_1_263' title='bbox 917 1377 1052 1408; x_wconf 66' lang='lat' dir='ltr'>Yirduni</span> <span class='ocrx_word' id='word_1_264' title='bbox 1090 1379 1257 1418; x_wconf 82' lang='lat' dir='ltr'>utriusque</span> <span class='ocrx_word' id='word_1_265' title='bbox 1292 1379 1393 1419; x_wconf 83' lang='lat' dir='ltr'>partis</span> <span class='ocrx_word' id='word_1_266' title='bbox 1426 1378 1586 1420; x_wconf 86' lang='lat' dir='ltr'>episcopis</span> <span class='ocrx_word' id='word_1_267' title='bbox 1617 1379 1833 1409; x_wconf 86' lang='lat' dir='ltr'>annuentibus</span> 
     </span>
     <span class='ocr_line' id='line_1_28' title="bbox 187 1426 1834 1470; baseline 0.002 -13"><span class='ocrx_word' id='word_1_268' title='bbox 187 1426 404 1457; x_wconf 85' lang='lat' dir='ltr'>denuntiatur.</span> <span class='ocrx_word' id='word_1_269' title='bbox 452 1427 584 1458; x_wconf 86' lang='lat' dir='ltr'>Interim</span> <span class='ocrx_word' id='word_1_270' title='bbox 610 1439 686 1458; x_wconf 72' lang='lat' dir='ltr'>vero</span> <span class='ocrx_word' id='word_1_271' title='bbox 713 1428 807 1459; x_wconf 85' lang='lat' dir='ltr'>sedes</span> <span class='ocrx_word' id='word_1_272' title='bbox 833 1428 1005 1459; x_wconf 70' lang='lat' dir='ltr'>llemensis</span> <span class='ocrx_word' id='word_1_273' title='bbox 1031 1429 1106 1459; x_wconf 80' lang='lat' dir='ltr'>mihi</span> <span class='ocrx_word' id='word_1_274' title='bbox 1135 1429 1275 1469; x_wconf 75' lang='lat' dir='ltr'>regenda</span> <span class='ocrx_word' id='word_1_275' title='bbox 1298 1429 1499 1463; x_wconf 72' lang='lat' dir='ltr'>decernitur:</span> <span class='ocrx_word' id='word_1_276' title='bbox 1527 1430 1608 1460; x_wconf 88' lang='lat' dir='ltr'>idem</span> <span class='ocrx_word' id='word_1_277' title='bbox 1635 1441 1710 1461; x_wconf 79' lang='lat' dir='ltr'>vero</span> <span class='ocrx_word' id='word_1_278' title='bbox 1737 1430 1834 1470; x_wconf 73' lang='lat' dir='ltr'>Ilugo</span> 
     </span>
    </p>
   </div>
   <div class='ocr_carea' id='block_1_6' title="bbox 138 1478 1835 1522">
    <p class='ocr_par' dir='ltr' id='par_1_6' title="bbox 138 1478 1835 1522">
     <span class='ocr_line' id='line_1_29' title="bbox 138 1478 1835 1522; baseline 0.002 -13"><span class='ocrx_word' id='word_1_279' title='bbox 138 1494 161 1511; x_wconf 51' lang='grc' dir='ltr'>κς,</span> <span class='ocrx_word' id='word_1_280' title='bbox 191 1478 328 1509; x_wconf 86' lang='lat' dir='ltr'>Mosomi</span> <span class='ocrx_word' id='word_1_281' title='bbox 355 1480 542 1510; x_wconf 85' lang='lat' dir='ltr'>commorari</span> <span class='ocrx_word' id='word_1_282' title='bbox 561 1480 765 1521; x_wconf 83' lang='lat' dir='ltr'>permittitur.</span> <span class='ocrx_word' id='word_1_283' title='bbox 856 1482 904 1513; x_wconf 68' lang='lat'>(9)</span> <span class='ocrx_word' id='word_1_284' title='bbox 930 1480 996 1510; x_wconf 79' lang='lat' dir='ltr'>Nec</span> <span class='ocrx_word' id='word_1_285' title='bbox 1016 1481 1157 1520; x_wconf 63' lang='lat' dir='ltr'>longum.</span> <span class='ocrx_word' id='word_1_286' title='bbox 1184 1482 1321 1512; x_wconf 81' lang='lat' dir='ltr'>instante</span> <span class='ocrx_word' id='word_1_287' title='bbox 1344 1482 1467 1511; x_wconf 87' lang='lat' dir='ltr'>scilicet</span> <span class='ocrx_word' id='word_1_288' title='bbox 1487 1481 1663 1512; x_wconf 77' lang='lat' dir='ltr'>vindemiae</span> <span class='ocrx_word' id='word_1_289' title='bbox 1681 1486 1835 1522; x_wconf 85' lang='lat' dir='ltr'>tempore.</span> 
     </span>
    </p>
   </div>
   <div class='ocr_carea' id='block_1_7' title="bbox 142 1751 166 1767">
    <p class='ocr_par' dir='ltr' id='par_1_7' title="bbox 142 1751 166 1767">
     <span class='ocr_line' id='line_1_30' title="bbox 142 1751 166 1767; baseline -0.083 0"><span class='ocrx_word' id='word_1_290' title='bbox 142 1751 166 1767; x_wconf 70' lang='lat' dir='ltr'>:to</span> 
     </span>
    </p>
   </div>
   <div class='ocr_carea' id='block_1_8' title="bbox 191 1531 1836 1987">
    <p class='ocr_par' dir='ltr' id='par_1_8' title="bbox 191 1531 1836 1987">
     <span class='ocr_line' id='line_1_31' title="bbox 191 1531 1834 1574; baseline 0.001 -13"><span class='ocrx_word' id='word_1_291' title='bbox 191 1531 242 1561; x_wconf 89' lang='lat' dir='ltr'>hic</span> <span class='ocrx_word' id='word_1_292' title='bbox 266 1531 413 1561; x_wconf 85' lang='lat' dir='ltr'>aemulus</span> <span class='ocrx_word' id='word_1_293' title='bbox 439 1535 549 1561; x_wconf 84' lang='lat' dir='ltr'>noster</span> <span class='ocrx_word' id='word_1_294' title='bbox 574 1531 680 1572; x_wconf 71' lang='lat' dir='ltr'>Hugo.</span> <span class='ocrx_word' id='word_1_295' title='bbox 707 1542 878 1562; x_wconf 83' lang='lat' dir='ltr'>assumens</span> <span class='ocrx_word' id='word_1_296' title='bbox 904 1543 1012 1563; x_wconf 80' lang='lat' dir='ltr'>seeum</span> <span class='ocrx_word' id='word_1_297' title='bbox 1038 1533 1250 1564; x_wconf 88' lang='lat' dir='ltr'>Teobaldum.</span> <span class='ocrx_word' id='word_1_298' title='bbox 1277 1533 1362 1571; x_wconf 64' lang='lat' dir='ltr'>regis</span> <span class='ocrx_word' id='word_1_299' title='bbox 1388 1533 1551 1564; x_wconf 82' lang='lat' dir='ltr'>inimicum</span> <span class='ocrx_word' id='word_1_300' title='bbox 1569 1538 1600 1564; x_wconf 89' lang='lat' dir='ltr'>et</span> <span class='ocrx_word' id='word_1_301' title='bbox 1617 1534 1706 1574; x_wconf 84' lang='lat' dir='ltr'>regni</span> <span class='ocrx_word' id='word_1_302' title='bbox 1724 1534 1834 1564; x_wconf 84' lang='lat' dir='ltr'>nostri.</span> 
     </span>
     <span class='ocr_line' id='line_1_32' title="bbox 191 1583 1835 1626; baseline 0.001 -14"><span class='ocrx_word' id='word_1_303' title='bbox 191 1593 262 1613; x_wconf 80' lang='lat' dir='ltr'>cuni</span> <span class='ocrx_word' id='word_1_304' title='bbox 286 1583 356 1613; x_wconf 88' lang='lat' dir='ltr'>aliis</span> <span class='ocrx_word' id='word_1_305' title='bbox 380 1583 526 1624; x_wconf 88' lang='lat' dir='ltr'>pluribus</span> <span class='ocrx_word' id='word_1_306' title='bbox 552 1583 825 1617; x_wconf 67' lang='lat' dir='ltr'>malefactoribus,</span> <span class='ocrx_word' id='word_1_307' title='bbox 851 1584 881 1614; x_wconf 90' lang='lat' dir='ltr'>in</span> <span class='ocrx_word' id='word_1_308' title='bbox 908 1584 999 1614; x_wconf 79' lang='lat' dir='ltr'>villas</span> <span class='ocrx_word' id='word_1_309' title='bbox 1026 1584 1197 1615; x_wconf 81' lang='lat' dir='ltr'>Remensis</span> <span class='ocrx_word' id='word_1_310' title='bbox 1223 1585 1379 1626; x_wconf 85' lang='lat' dir='ltr'>episcopii</span> <span class='ocrx_word' id='word_1_311' title='bbox 1405 1586 1573 1625; x_wconf 73' lang='lat' dir='ltr'>contiguas</span> <span class='ocrx_word' id='word_1_312' title='bbox 1599 1586 1669 1616; x_wconf 90' lang='lat' dir='ltr'>urbi</span> <span class='ocrx_word' id='word_1_313' title='bbox 1694 1585 1835 1615; x_wconf 73' lang='lat' dir='ltr'>devenit.</span> 
     </span>
     <span class='ocr_line' id='line_1_33' title="bbox 191 1635 1833 1677; baseline 0.001 -13"><span class='ocrx_word' id='word_1_314' title='bbox 191 1638 223 1664; x_wconf 88' lang='lat' dir='ltr'>et</span> <span class='ocrx_word' id='word_1_315' title='bbox 260 1644 352 1664; x_wconf 90' lang='lat' dir='ltr'>omne</span> <span class='ocrx_word' id='word_1_316' title='bbox 389 1645 471 1676; x_wconf 86' lang='lat' dir='ltr'>pene</span> <span class='ocrx_word' id='word_1_317' title='bbox 507 1635 614 1665; x_wconf 81' lang='lat' dir='ltr'>vinum</span> <span class='ocrx_word' id='word_1_318' title='bbox 645 1645 684 1665; x_wconf 86' lang='lat' dir='ltr'>ex</span> <span class='ocrx_word' id='word_1_319' title='bbox 716 1635 762 1665; x_wconf 85' lang='lat' dir='ltr'>bis</span> <span class='ocrx_word' id='word_1_320' title='bbox 793 1636 949 1676; x_wconf 77' lang='lat' dir='ltr'>colligens</span> <span class='ocrx_word' id='word_1_321' title='bbox 982 1636 1011 1666; x_wconf 91' lang='lat' dir='ltr'>in</span> <span class='ocrx_word' id='word_1_322' title='bbox 1042 1635 1186 1666; x_wconf 68' lang='lat' dir='ltr'>diversos</span> <span class='ocrx_word' id='word_1_323' title='bbox 1224 1647 1325 1677; x_wconf 72' lang='lat' dir='ltr'>pagos</span> <span class='ocrx_word' id='word_1_324' title='bbox 1350 1636 1465 1666; x_wconf 86' lang='lat' dir='ltr'>abduci</span> <span class='ocrx_word' id='word_1_325' title='bbox 1499 1637 1582 1667; x_wconf 80' lang='lat' dir='ltr'>fecit.</span> <span class='ocrx_word' id='word_1_326' title='bbox 1631 1637 1711 1667; x_wconf 86' lang='lat' dir='ltr'>Tum</span> <span class='ocrx_word' id='word_1_327' title='bbox 1737 1637 1833 1667; x_wconf 89' lang='lat' dir='ltr'>multa</span> 
     </span>
     <span class='ocr_line' id='line_1_34' title="bbox 192 1686 1834 1729; baseline 0.002 -14"><span class='ocrx_word' id='word_1_328' title='bbox 192 1686 275 1716; x_wconf 85' lang='lat' dir='ltr'>mala</span> <span class='ocrx_word' id='word_1_329' title='bbox 300 1686 376 1716; x_wconf 89' lang='lat' dir='ltr'>inibi</span> <span class='ocrx_word' id='word_1_330' title='bbox 402 1690 599 1728; x_wconf 82' lang='lat' dir='ltr'>perpetrata.</span> <span class='ocrx_word' id='word_1_331' title='bbox 626 1690 656 1717; x_wconf 89' lang='lat' dir='ltr'>et</span> <span class='ocrx_word' id='word_1_332' title='bbox 682 1687 825 1718; x_wconf 84' lang='lat' dir='ltr'>homines</span> <span class='ocrx_word' id='word_1_333' title='bbox 844 1688 1002 1718; x_wconf 84' lang='lat' dir='ltr'>ecelesiae</span> <span class='ocrx_word' id='word_1_334' title='bbox 1029 1691 1158 1718; x_wconf 83' lang='lat' dir='ltr'>nostrae</span> <span class='ocrx_word' id='word_1_335' title='bbox 1176 1688 1294 1729; x_wconf 79' lang='lat' dir='ltr'>captivi</span> <span class='ocrx_word' id='word_1_336' title='bbox 1320 1687 1451 1718; x_wconf 84' lang='lat' dir='ltr'>abducti</span> <span class='ocrx_word' id='word_1_337' title='bbox 1475 1688 1561 1718; x_wconf 87' lang='lat' dir='ltr'>etad</span> <span class='ocrx_word' id='word_1_338' title='bbox 1581 1688 1834 1729; x_wconf 71' lang='lat' dir='ltr'>redemptionem</span> 
     </span>
     <span class='ocr_line' id='line_1_35' title="bbox 194 1738 1834 1770; baseline 0.002 -3"><span class='ocrx_word' id='word_1_339' title='bbox 194 1738 289 1768; x_wconf 83' lang='lat' dir='ltr'>variis</span> <span class='ocrx_word' id='word_1_340' title='bbox 315 1741 388 1768; x_wconf 88' lang='lat' dir='ltr'>sunt</span> <span class='ocrx_word' id='word_1_341' title='bbox 412 1738 517 1768; x_wconf 86' lang='lat' dir='ltr'>adacti</span> <span class='ocrx_word' id='word_1_342' title='bbox 541 1739 718 1770; x_wconf 87' lang='lat' dir='ltr'>tormentis.</span> <span class='ocrx_word' id='word_1_343' title='bbox 765 1738 905 1769; x_wconf 80' lang='lat' dir='ltr'>Sinodus</span> <span class='ocrx_word' id='word_1_344' title='bbox 935 1743 1041 1770; x_wconf 86' lang='lat' dir='ltr'>antem</span> <span class='ocrx_word' id='word_1_345' title='bbox 1073 1740 1156 1769; x_wconf 84' lang='lat' dir='ltr'>eirca</span> <span class='ocrx_word' id='word_1_346' title='bbox 1182 1739 1319 1769; x_wconf 81' lang='lat' dir='ltr'>medium</span> <span class='ocrx_word' id='word_1_347' title='bbox 1346 1740 1466 1770; x_wconf 83' lang='lat' dir='ltr'>mensis</span> <span class='ocrx_word' id='word_1_348' title='bbox 1491 1740 1680 1770; x_wconf 81' lang='lat' dir='ltr'>denuntiata</span> <span class='ocrx_word' id='word_1_349' title='bbox 1698 1740 1834 1770; x_wconf 72' lang='lat' dir='ltr'>Virdnni</span> 
     </span>
     <span class='ocr_line' id='line_1_36' title="bbox 192 1789 1835 1832; baseline 0.002 -13"><span class='ocrx_word' id='word_1_350' title='bbox 192 1789 388 1822; x_wconf 80' lang='lat' dir='ltr'>celebratur.</span> <span class='ocrx_word' id='word_1_351' title='bbox 422 1790 606 1831; x_wconf 83' lang='lat' dir='ltr'>presidente</span> <span class='ocrx_word' id='word_1_352' title='bbox 643 1790 799 1821; x_wconf 77' lang='lat' dir='ltr'>Rotbcrto</span> <span class='ocrx_word' id='word_1_353' title='bbox 836 1792 963 1832; x_wconf 86' lang='lat' dir='ltr'>presule</span> <span class='ocrx_word' id='word_1_354' title='bbox 997 1791 1193 1823; x_wconf 72' lang='lat' dir='ltr'>&#39;l&#39;revircnsi.</span> <span class='ocrx_word' id='word_1_355' title='bbox 1231 1794 1383 1832; x_wconf 85' lang='lat' dir='ltr'>precepto</span> <span class='ocrx_word' id='word_1_356' title='bbox 1418 1790 1523 1821; x_wconf 89' lang='lat' dir='ltr'>domni</span> <span class='ocrx_word' id='word_1_357' title='bbox 1558 1802 1661 1832; x_wconf 82' lang='lat' dir='ltr'>papae</span> <span class='ocrx_word' id='word_1_358' title='bbox 1688 1791 1835 1822; x_wconf 79' lang='lat' dir='ltr'>Romani.</span> 
     </span>
     <span class='ocr_line' id='line_1_37' title="bbox 194 1841 1834 1884; baseline 0.001 -13"><span class='ocrx_word' id='word_1_359' title='bbox 194 1844 344 1882; x_wconf 83' lang='lat' dir='ltr'>presente</span> <span class='ocrx_word' id='word_1_360' title='bbox 379 1851 507 1882; x_wconf 86' lang='lat' dir='ltr'>quoque</span> <span class='ocrx_word' id='word_1_361' title='bbox 542 1841 656 1872; x_wconf 84' lang='lat' dir='ltr'>domno</span> <span class='ocrx_word' id='word_1_362' title='bbox 692 1842 843 1873; x_wconf 73' lang='lat' dir='ltr'>Bramme</span> <span class='ocrx_word' id='word_1_363' title='bbox 878 1854 948 1874; x_wconf 91' lang='lat' dir='ltr'>cum</span> <span class='ocrx_word' id='word_1_364' title='bbox 980 1843 1140 1884; x_wconf 85' lang='lat' dir='ltr'>episcopis</span> <span class='ocrx_word' id='word_1_365' title='bbox 1177 1846 1207 1872; x_wconf 90' lang='lat' dir='ltr'>et</span> <span class='ocrx_word' id='word_1_366' title='bbox 1239 1842 1410 1873; x_wconf 82' lang='lat' dir='ltr'>abbatibus</span> <span class='ocrx_word' id='word_1_367' title='bbox 1443 1843 1612 1873; x_wconf 84' lang='lat' dir='ltr'>nonnullis.</span> <span class='ocrx_word' id='word_1_368' title='bbox 1662 1843 1711 1873; x_wconf 82' lang='lat' dir='ltr'>Ad</span> <span class='ocrx_word' id='word_1_369' title='bbox 1741 1854 1834 1884; x_wconf 82' lang='lat' dir='ltr'>quam</span> 
     </span>
     <span class='ocr_line' id='line_1_38' title="bbox 194 1892 1836 1936; baseline 0.001 -13"><span class='ocrx_word' id='word_1_370' title='bbox 194 1892 337 1934; x_wconf 85' lang='lat' dir='ltr'>prefatus</span> <span class='ocrx_word' id='word_1_371' title='bbox 363 1892 459 1933; x_wconf 81' lang='lat' dir='ltr'>Hugo</span> <span class='ocrx_word' id='word_1_372' title='bbox 493 1897 663 1926; x_wconf 79' lang='lat' dir='ltr'>evocatus,</span> <span class='ocrx_word' id='word_1_373' title='bbox 697 1895 805 1924; x_wconf 83' lang='lat' dir='ltr'>missis</span> <span class='ocrx_word' id='word_1_374' title='bbox 839 1895 935 1925; x_wconf 90' lang='lat' dir='ltr'>etiam</span> <span class='ocrx_word' id='word_1_375' title='bbox 962 1895 1086 1925; x_wconf 79' lang='lat' dir='ltr'>duobus</span> <span class='ocrx_word' id='word_1_376' title='bbox 1117 1894 1155 1924; x_wconf 90' lang='lat' dir='ltr'>ad</span> <span class='ocrx_word' id='word_1_377' title='bbox 1181 1906 1253 1925; x_wconf 84' lang='lat' dir='ltr'>oum</span> <span class='ocrx_word' id='word_1_378' title='bbox 1279 1894 1502 1924; x_wconf 88' lang='lat' dir='ltr'>deducendum</span> <span class='ocrx_word' id='word_1_379' title='bbox 1528 1895 1704 1936; x_wconf 73' lang='lat' dir='ltr'>episcopis.</span> <span class='ocrx_word' id='word_1_380' title='bbox 1736 1895 1836 1925; x_wconf 81' lang='lat' dir='ltr'>Adal-</span> 
     </span>
     <span class='ocr_line' id='line_1_39' title="bbox 195 1944 1835 1987; baseline 0.001 -14"><span class='ocrx_word' id='word_1_381' title='bbox 195 1945 312 1974; x_wconf 85' lang='lat' dir='ltr'>berone</span> <span class='ocrx_word' id='word_1_382' title='bbox 338 1948 369 1975; x_wconf 88' lang='lat' dir='ltr'>et</span> <span class='ocrx_word' id='word_1_383' title='bbox 393 1944 544 1978; x_wconf 77' lang='lat' dir='ltr'>Gosleno.</span> <span class='ocrx_word' id='word_1_384' title='bbox 571 1946 678 1975; x_wconf 80' lang='lat' dir='ltr'>venire</span> <span class='ocrx_word' id='word_1_385' title='bbox 704 1946 906 1987; x_wconf 87' lang='lat' dir='ltr'>contempsit.</span> <span class='ocrx_word' id='word_1_386' title='bbox 957 1946 1113 1976; x_wconf 70' lang='lat' dir='ltr'>Universa</span> <span class='ocrx_word' id='word_1_387' title='bbox 1142 1957 1217 1975; x_wconf 70' lang='lat' dir='ltr'>vero</span> <span class='ocrx_word' id='word_1_388' title='bbox 1236 1945 1367 1975; x_wconf 80' lang='lat' dir='ltr'>sinodus</span> <span class='ocrx_word' id='word_1_389' title='bbox 1386 1945 1461 1975; x_wconf 89' lang='lat' dir='ltr'>mihi</span> <span class='ocrx_word' id='word_1_390' title='bbox 1480 1945 1642 1976; x_wconf 78' lang='lat' dir='ltr'>Remensc</span> <span class='ocrx_word' id='word_1_391' title='bbox 1660 1945 1835 1983; x_wconf 62' lang='lat' dir='ltr'>regendum</span> 
     </span>
    </p>
   </div>
   <div class='ocr_carea' id='block_1_9' title="bbox 144 1995 1837 2038">
    <p class='ocr_par' dir='ltr' id='par_1_9' title="bbox 144 1995 1837 2038">
     <span class='ocr_line' id='line_1_40' title="bbox 144 1995 1837 2038; baseline -0.002 -10"><span class='ocrx_word' id='word_1_392' title='bbox 144 2012 166 2028; x_wconf 56' lang='grc' dir='ltr'>πε,</span> <span class='ocrx_word' id='word_1_393' title='bbox 195 1995 340 2026; x_wconf 85' lang='lat' dir='ltr'>decernit.</span> <span class='ocrx_word' id='word_1_394' title='bbox 364 1996 571 2037; x_wconf 86' lang='lat' dir='ltr'>episcopium.</span> <span class='ocrx_word' id='word_1_395' title='bbox 662 1997 730 2036; x_wconf 67' lang='lat' dir='ltr'>(lo)</span> <span class='ocrx_word' id='word_1_396' title='bbox 759 1997 976 2038; x_wconf 77' lang='lat' dir='ltr'>lmlieiturque</span> <span class='ocrx_word' id='word_1_397' title='bbox 1008 1998 1123 2028; x_wconf 90' lang='lat' dir='ltr'>iterum</span> <span class='ocrx_word' id='word_1_398' title='bbox 1155 1997 1285 2027; x_wconf 85' lang='lat' dir='ltr'>sinodus</span> <span class='ocrx_word' id='word_1_399' title='bbox 1316 1997 1466 2027; x_wconf 86' lang='lat' dir='ltr'>habenda.</span> <span class='ocrx_word' id='word_1_400' title='bbox 1496 1997 1548 2028; x_wconf 72' lang='lat' dir='ltr'>&lt;lie</span> <span class='ocrx_word' id='word_1_401' title='bbox 1575 1997 1687 2027; x_wconf 83' lang='lat' dir='ltr'>Iduum</span> <span class='ocrx_word' id='word_1_402' title='bbox 1719 1997 1837 2026; x_wconf 82' lang='lat' dir='ltr'>mensis</span> 
     </span>
    </p>
   </div>
   <div class='ocr_carea' id='block_1_10' title="bbox 145 2269 169 2286">
    <p class='ocr_par' dir='ltr' id='par_1_10' title="bbox 145 2269 169 2286">
     <span class='ocr_line' id='line_1_41' title="bbox 145 2269 169 2286; baseline 0.042 -3"><span class='ocrx_word' id='word_1_403' title='bbox 145 2269 169 2286; x_wconf 73' lang='lat'>⁴¹·</span> 
     </span>
    </p>
   </div>
   <div class='ocr_carea' id='block_1_11' title="bbox 145 2795 169 2812">
    <p class='ocr_par' dir='ltr' id='par_1_11' title="bbox 145 2795 169 2812">
     <span class='ocr_line' id='line_1_42' title="bbox 145 2795 169 2812; baseline 0 -3"><span class='ocrx_word' id='word_1_404' title='bbox 145 2795 155 2812; x_wconf 67' lang='grc'><strong><em>5</em></strong></span> <span class='ocrx_word' id='word_1_405' title='bbox 158 2798 169 2811; x_wconf 70' lang='grc' dir='ltr'>ι]</span> 
     </span>
    </p>
   </div>
   <div class='ocr_carea' id='block_1_12' title="bbox 195 2047 1836 2503">
    <p class='ocr_par' dir='ltr' id='par_1_12' title="bbox 195 2047 1836 2503">
     <span class='ocr_line' id='line_1_43' title="bbox 198 2047 1831 2089; baseline -0.001 -12"><span class='ocrx_word' id='word_1_406' title='bbox 198 2047 350 2083; x_wconf 75' lang='lat' dir='ltr'>Ianuarii.</span> <span class='ocrx_word' id='word_1_407' title='bbox 383 2058 465 2088; x_wconf 84' lang='lat' dir='ltr'>quae.</span> <span class='ocrx_word' id='word_1_408' title='bbox 497 2052 528 2078; x_wconf 86' lang='lat' dir='ltr'>et</span> <span class='ocrx_word' id='word_1_409' title='bbox 559 2053 771 2089; x_wconf 68' lang='lat' dir='ltr'>aggregatur.</span> <span class='ocrx_word' id='word_1_410' title='bbox 805 2054 838 2079; x_wconf 87' lang='lat' dir='ltr'>ut</span> <span class='ocrx_word' id='word_1_411' title='bbox 867 2049 1090 2079; x_wconf 83' lang='lat' dir='ltr'>denuntiatum</span> <span class='ocrx_word' id='word_1_412' title='bbox 1121 2049 1239 2085; x_wconf 68' lang='lat' dir='ltr'>fuerat.r</span> <span class='ocrx_word' id='word_1_413' title='bbox 1272 2049 1301 2078; x_wconf 93' lang='lat' dir='ltr'>in</span> <span class='ocrx_word' id='word_1_414' title='bbox 1334 2049 1473 2079; x_wconf 82' lang='lat' dir='ltr'>ecclesia</span> <span class='ocrx_word' id='word_1_415' title='bbox 1507 2051 1609 2078; x_wconf 85' lang='lat' dir='ltr'>sancti</span> <span class='ocrx_word' id='word_1_416' title='bbox 1643 2049 1727 2078; x_wconf 90' lang='lat' dir='ltr'>Petri</span> <span class='ocrx_word' id='word_1_417' title='bbox 1758 2052 1831 2077; x_wconf 86' lang='lat' dir='ltr'>ante</span> 
     </span>
     <span class='ocr_line' id='line_1_44' title="bbox 195 2099 1834 2141; baseline 0.001 -13"><span class='ocrx_word' id='word_1_418' title='bbox 195 2102 402 2140; x_wconf 85' lang='lat' dir='ltr'>prospectum</span> <span class='ocrx_word' id='word_1_419' title='bbox 435 2100 529 2130; x_wconf 86' lang='lat' dir='ltr'>castri</span> <span class='ocrx_word' id='word_1_420' title='bbox 561 2100 693 2130; x_wconf 79' lang='lat' dir='ltr'>Mosomi</span> <span class='ocrx_word' id='word_1_421' title='bbox 726 2112 743 2130; x_wconf 84' lang='lat' dir='ltr'>a</span> <span class='ocrx_word' id='word_1_422' title='bbox 773 2100 890 2131; x_wconf 85' lang='lat' dir='ltr'>domno</span> <span class='ocrx_word' id='word_1_423' title='bbox 922 2100 1092 2137; x_wconf 65' lang='lat' dir='ltr'>noum-to,</span> <span class='ocrx_word' id='word_1_424' title='bbox 1127 2100 1397 2130; x_wconf 77' lang='lat' dir='ltr'>convenientibus</span> <span class='ocrx_word' id='word_1_425' title='bbox 1431 2101 1545 2130; x_wconf 81' lang='lat' dir='ltr'>ceteris</span> <span class='ocrx_word' id='word_1_426' title='bbox 1571 2110 1697 2141; x_wconf 83' lang='lat' dir='ltr'>quoquc</span> <span class='ocrx_word' id='word_1_427' title='bbox 1723 2099 1834 2129; x_wconf 73' lang='lat' dir='ltr'>&#39;l&#39;revi-</span> 
     </span>
     <span class='ocr_line' id='line_1_45' title="bbox 196 2151 1836 2193; baseline -0.001 -12"><span class='ocrx_word' id='word_1_428' title='bbox 196 2151 298 2181; x_wconf 87' lang='lat' dir='ltr'>rensis</span> <span class='ocrx_word' id='word_1_429' title='bbox 323 2151 487 2181; x_wconf 81' lang='lat' dir='ltr'>dioceseos</span> <span class='ocrx_word' id='word_1_430' title='bbox 513 2152 674 2192; x_wconf 82' lang='lat' dir='ltr'>episcopis</span> <span class='ocrx_word' id='word_1_431' title='bbox 701 2156 732 2182; x_wconf 84' lang='lat' dir='ltr'>ct</span> <span class='ocrx_word' id='word_1_432' title='bbox 756 2153 918 2193; x_wconf 80' lang='lat' dir='ltr'>aliquibus</span> <span class='ocrx_word' id='word_1_433' title='bbox 946 2152 1125 2182; x_wconf 67' lang='lat' dir='ltr'>ltemensis.</span> <span class='ocrx_word' id='word_1_434' title='bbox 1171 2152 1316 2182; x_wconf 72' lang='lat' dir='ltr'>Veniens</span> <span class='ocrx_word' id='word_1_435' title='bbox 1341 2155 1449 2182; x_wconf 88' lang='lat' dir='ltr'>autem</span> <span class='ocrx_word' id='word_1_436' title='bbox 1468 2152 1543 2181; x_wconf 84' lang='lat' dir='ltr'>illue</span> <span class='ocrx_word' id='word_1_437' title='bbox 1561 2151 1706 2181; x_wconf 83' lang='lat' dir='ltr'>aemulus</span> <span class='ocrx_word' id='word_1_438' title='bbox 1726 2154 1836 2180; x_wconf 83' lang='lat' dir='ltr'>noster</span> 
     </span>
     <span class='ocr_line' id='line_1_46' title="bbox 196 2202 1835 2244; baseline -0.001 -12"><span class='ocrx_word' id='word_1_439' title='bbox 196 2202 292 2242; x_wconf 81' lang='lat' dir='ltr'>Hugo</span> <span class='ocrx_word' id='word_1_440' title='bbox 318 2206 349 2233; x_wconf 88' lang='lat' dir='ltr'>et</span> <span class='ocrx_word' id='word_1_441' title='bbox 372 2202 497 2233; x_wconf 88' lang='lat' dir='ltr'>locutus</span> <span class='ocrx_word' id='word_1_442' title='bbox 523 2214 593 2233; x_wconf 83' lang='lat' dir='ltr'>cum</span> <span class='ocrx_word' id='word_1_443' title='bbox 619 2203 734 2233; x_wconf 89' lang='lat' dir='ltr'>domno</span> <span class='ocrx_word' id='word_1_444' title='bbox 760 2203 932 2238; x_wconf 58' lang='lat' dir='ltr'>Rotberto.</span> <span class='ocrx_word' id='word_1_445' title='bbox 959 2203 1104 2234; x_wconf 82' lang='lat' dir='ltr'>sinodum</span> <span class='ocrx_word' id='word_1_446' title='bbox 1131 2204 1232 2234; x_wconf 88' lang='lat' dir='ltr'>noluit</span> <span class='ocrx_word' id='word_1_447' title='bbox 1258 2203 1397 2244; x_wconf 79' lang='lat' dir='ltr'>ingredi.</span> <span class='ocrx_word' id='word_1_448' title='bbox 1430 2204 1553 2234; x_wconf 83' lang='lat' dir='ltr'>litteras</span> <span class='ocrx_word' id='word_1_449' title='bbox 1579 2213 1655 2233; x_wconf 81' lang='lat' dir='ltr'>vero</span> <span class='ocrx_word' id='word_1_450' title='bbox 1680 2203 1769 2243; x_wconf 87' lang='lat' dir='ltr'>qnasi</span> <span class='ocrx_word' id='word_1_451' title='bbox 1796 2213 1835 2232; x_wconf 76' lang='lat' dir='ltr'>ex</span> 
     </span>
     <span class='ocr_line' id='line_1_47' title="bbox 197 2254 1836 2296; baseline -0.001 -12"><span class='ocrx_word' id='word_1_452' title='bbox 197 2254 322 2284; x_wconf 88' lang='lat' dir='ltr'>nomine</span> <span class='ocrx_word' id='word_1_453' title='bbox 347 2254 453 2285; x_wconf 88' lang='lat' dir='ltr'>domni</span> <span class='ocrx_word' id='word_1_454' title='bbox 481 2265 582 2296; x_wconf 85' lang='lat' dir='ltr'>papae</span> <span class='ocrx_word' id='word_1_455' title='bbox 607 2255 726 2285; x_wconf 80' lang='lat' dir='ltr'>direxit</span> <span class='ocrx_word' id='word_1_456' title='bbox 749 2255 788 2285; x_wconf 83' lang='lat' dir='ltr'>ad</span> <span class='ocrx_word' id='word_1_457' title='bbox 814 2256 981 2296; x_wconf 60' lang='lat' dir='ltr'>episcopos·</span> <span class='ocrx_word' id='word_1_458' title='bbox 1007 2266 1063 2296; x_wconf 89' lang='lat' dir='ltr'>per</span> <span class='ocrx_word' id='word_1_459' title='bbox 1088 2256 1238 2285; x_wconf 86' lang='lat' dir='ltr'>clericum</span> <span class='ocrx_word' id='word_1_460' title='bbox 1265 2266 1371 2285; x_wconf 87' lang='lat' dir='ltr'>snum.</span> <span class='ocrx_word' id='word_1_461' title='bbox 1398 2255 1449 2296; x_wconf 85' lang='lat' dir='ltr'>qui</span> <span class='ocrx_word' id='word_1_462' title='bbox 1474 2265 1528 2284; x_wconf 85' lang='lat' dir='ltr'>eas</span> <span class='ocrx_word' id='word_1_463' title='bbox 1554 2255 1656 2285; x_wconf 80' lang='lat' dir='ltr'>Roma</span> <span class='ocrx_word' id='word_1_464' title='bbox 1680 2254 1836 2284; x_wconf 80' lang='lat' dir='ltr'>detulisse</span> 
     </span>
     <span class='ocr_line' id='line_1_48' title="bbox 196 2306 1836 2348; baseline -0.001 -12"><span class='ocrx_word' id='word_1_465' title='bbox 196 2306 373 2337; x_wconf 79' lang='lat' dir='ltr'>ferebatur.</span> <span class='ocrx_word' id='word_1_466' title='bbox 407 2306 483 2336; x_wconf 84' lang='lat' dir='ltr'>nihil</span> <span class='ocrx_word' id='word_1_467' title='bbox 517 2307 716 2337; x_wconf 78' lang='lat' dir='ltr'>auctoritatis</span> <span class='ocrx_word' id='word_1_468' title='bbox 750 2307 922 2337; x_wconf 78' lang='lat' dir='ltr'>canonicae</span> <span class='ocrx_word' id='word_1_469' title='bbox 953 2307 1171 2337; x_wconf 78' lang='lat' dir='ltr'>continentes.</span> <span class='ocrx_word' id='word_1_470' title='bbox 1208 2306 1264 2336; x_wconf 86' lang='lat' dir='ltr'>sed</span> <span class='ocrx_word' id='word_1_471' title='bbox 1297 2307 1355 2336; x_wconf 83' lang='lat' dir='ltr'>hoe</span> <span class='ocrx_word' id='word_1_472' title='bbox 1390 2310 1512 2336; x_wconf 86' lang='lat' dir='ltr'>tantum</span> <span class='ocrx_word' id='word_1_473' title='bbox 1545 2306 1836 2348; x_wconf 80' lang='lat' dir='ltr'>precipientes.11t</span> 
     </span>
     <span class='ocr_line' id='line_1_49' title="bbox 197 2357 1835 2400; baseline -0.001 -13"><span class='ocrx_word' id='word_1_474' title='bbox 197 2357 325 2398; x_wconf 83' lang='lat' dir='ltr'>Ilugoni</span> <span class='ocrx_word' id='word_1_475' title='bbox 350 2357 510 2388; x_wconf 81' lang='lat' dir='ltr'>Remeuse</span> <span class='ocrx_word' id='word_1_476' title='bbox 535 2357 724 2389; x_wconf 83' lang='lat' dir='ltr'>redderetur</span> <span class='ocrx_word' id='word_1_477' title='bbox 748 2359 957 2400; x_wconf 84' lang='lat' dir='ltr'>episcopium.</span> <span class='ocrx_word' id='word_1_478' title='bbox 1005 2358 1127 2393; x_wconf 74' lang='lat' dir='ltr'>Quibus</span> <span class='ocrx_word' id='word_1_479' title='bbox 1154 2359 1307 2388; x_wconf 80' lang='lat' dir='ltr'>recitatis.</span> <span class='ocrx_word' id='word_1_480' title='bbox 1333 2359 1480 2388; x_wconf 83' lang='lat' dir='ltr'>ineuntes</span> <span class='ocrx_word' id='word_1_481' title='bbox 1506 2358 1651 2398; x_wconf 80' lang='lat' dir='ltr'>episcopi</span> <span class='ocrx_word' id='word_1_482' title='bbox 1670 2357 1835 2387; x_wconf 82' lang='lat' dir='ltr'>eonsilium</span> 
     </span>
     <span class='ocr_line' id='line_1_50' title="bbox 196 2408 1832 2451; baseline 0 -14"><span class='ocrx_word' id='word_1_483' title='bbox 196 2420 267 2440; x_wconf 83' lang='lat' dir='ltr'>cum</span> <span class='ocrx_word' id='word_1_484' title='bbox 292 2409 462 2440; x_wconf 83' lang='lat' dir='ltr'>abbatibus</span> <span class='ocrx_word' id='word_1_485' title='bbox 487 2414 517 2440; x_wconf 90' lang='lat' dir='ltr'>et</span> <span class='ocrx_word' id='word_1_486' title='bbox 543 2410 658 2440; x_wconf 82' lang='lat' dir='ltr'>ceteris</span> <span class='ocrx_word' id='word_1_487' title='bbox 683 2410 735 2451; x_wconf 84' lang='lat' dir='ltr'>qui</span> <span class='ocrx_word' id='word_1_488' title='bbox 761 2409 895 2440; x_wconf 83' lang='lat' dir='ltr'>aderant</span> <span class='ocrx_word' id='word_1_489' title='bbox 918 2410 1130 2451; x_wconf 74' lang='lat' dir='ltr'>sapientibus,</span> <span class='ocrx_word' id='word_1_490' title='bbox 1157 2409 1406 2450; x_wconf 74' lang='lat' dir='ltr'>respmnlerunt.</span> <span class='ocrx_word' id='word_1_491' title='bbox 1440 2420 1499 2439; x_wconf 89' lang='lat' dir='ltr'>non</span> <span class='ocrx_word' id='word_1_492' title='bbox 1527 2420 1599 2439; x_wconf 84' lang='lat' dir='ltr'>csse</span> <span class='ocrx_word' id='word_1_493' title='bbox 1625 2408 1754 2447; x_wconf 66' lang='lat' dir='ltr'>dignum</span> <span class='ocrx_word' id='word_1_494' title='bbox 1781 2408 1832 2437; x_wconf 80' lang='lat' dir='ltr'>vel</span> 
     </span>
     <span class='ocr_line' id='line_1_51' title="bbox 198 2460 1835 2503; baseline -0.002 -12"><span class='ocrx_word' id='word_1_495' title='bbox 198 2471 385 2502; x_wconf 68' lang='lat' dir='ltr'>congruum,</span> <span class='ocrx_word' id='word_1_496' title='bbox 410 2466 445 2491; x_wconf 90' lang='lat' dir='ltr'>ut</span> <span class='ocrx_word' id='word_1_497' title='bbox 469 2461 654 2492; x_wconf 86' lang='lat' dir='ltr'>mandatum</span> <span class='ocrx_word' id='word_1_498' title='bbox 679 2462 848 2502; x_wconf 79' lang='lat' dir='ltr'>legationis</span> <span class='ocrx_word' id='word_1_499' title='bbox 873 2462 1083 2503; x_wconf 70' lang='lat' dir='ltr'>apostolicae,</span> <span class='ocrx_word' id='word_1_500' title='bbox 1109 2471 1202 2502; x_wconf 79' lang='lat' dir='ltr'>quam</span> <span class='ocrx_word' id='word_1_501' title='bbox 1227 2460 1346 2490; x_wconf 77' lang='lat' dir='ltr'>diulum</span> <span class='ocrx_word' id='word_1_502' title='bbox 1366 2460 1541 2491; x_wconf 49' lang='lat' dir='ltr'>Ibitbertus</span> <span class='ocrx_word' id='word_1_503' title='bbox 1565 2460 1835 2500; x_wconf 79' lang='lat' dir='ltr'>a1·cl1iepis‹:·opus.</span> 
     </span>
    </p>
   </div>
   <div class='ocr_carea' id='block_1_13' title="bbox 165 2510 1836 2554">
    <p class='ocr_par' dir='ltr' id='par_1_13' title="bbox 165 2510 1836 2554">
     <span class='ocr_line' id='line_1_52' title="bbox 165 2510 1836 2554; baseline -0.001 -13"><span class='ocrx_word' id='word_1_504' title='bbox 165 2534 168 2541; x_wconf 91' lang='lat'>.</span> <span class='ocrx_word' id='word_1_505' title='bbox 198 2512 363 2543; x_wconf 83' lang='lat' dir='ltr'>deferente</span> <span class='ocrx_word' id='word_1_506' title='bbox 396 2512 569 2544; x_wconf 84' lang='lat' dir='ltr'>Frederico</span> <span class='ocrx_word' id='word_1_507' title='bbox 605 2514 734 2554; x_wconf 86' lang='lat' dir='ltr'>presule</span> <span class='ocrx_word' id='word_1_508' title='bbox 766 2514 1037 2554; x_wconf 69' lang='lat' dir='ltr'>Mogontiaeensi,</span> <span class='ocrx_word' id='word_1_509' title='bbox 1074 2523 1180 2543; x_wconf 84' lang='lat' dir='ltr'>eoram</span> <span class='ocrx_word' id='word_1_510' title='bbox 1212 2513 1340 2553; x_wconf 73' lang='lat' dir='ltr'>regibus</span> <span class='ocrx_word' id='word_1_511' title='bbox 1372 2516 1403 2542; x_wconf 87' lang='lat' dir='ltr'>et</span> <span class='ocrx_word' id='word_1_512' title='bbox 1433 2512 1594 2553; x_wconf 83' lang='lat' dir='ltr'>episeopis</span> <span class='ocrx_word' id='word_1_513' title='bbox 1620 2515 1683 2541; x_wconf 83' lang='lat' dir='ltr'>tam</span> <span class='ocrx_word' id='word_1_514' title='bbox 1710 2510 1836 2541; x_wconf 85' lang='lat' dir='ltr'>Galliae</span> 
     </span>
    </p>
   </div>
   <div class='ocr_carea' id='block_1_14' title="bbox 196 2562 1836 2819">
    <p class='ocr_par' dir='ltr' id='par_1_14' title="bbox 197 2562 1836 2606">
     <span class='ocr_line' id='line_1_53' title="bbox 197 2562 1836 2606; baseline -0.002 -13"><span class='ocrx_word' id='word_1_515' title='bbox 197 2574 291 2605; x_wconf 89' lang='lat' dir='ltr'>quam</span> <span class='ocrx_word' id='word_1_516' title='bbox 316 2564 509 2595; x_wconf 85' lang='lat' dir='ltr'>Germaniae</span> <span class='ocrx_word' id='word_1_517' title='bbox 535 2569 731 2606; x_wconf 81' lang='lat' dir='ltr'>susceperat,</span> <span class='ocrx_word' id='word_1_518' title='bbox 757 2569 788 2595; x_wconf 87' lang='lat' dir='ltr'>et</span> <span class='ocrx_word' id='word_1_519' title='bbox 812 2568 933 2606; x_wconf 84' lang='lat' dir='ltr'>partem</span> <span class='ocrx_word' id='word_1_520' title='bbox 960 2565 1021 2595; x_wconf 92' lang='lat' dir='ltr'>iam</span> <span class='ocrx_word' id='word_1_521' title='bbox 1048 2564 1264 2606; x_wconf 85' lang='lat' dir='ltr'>preceptionis</span> <span class='ocrx_word' id='word_1_522' title='bbox 1289 2564 1389 2604; x_wconf 86' lang='lat' dir='ltr'>ipsius</span> <span class='ocrx_word' id='word_1_523' title='bbox 1416 2566 1586 2602; x_wconf 63' lang='lat' dir='ltr'>exegerat.</span> <span class='ocrx_word' id='word_1_524' title='bbox 1613 2566 1743 2603; x_wconf 81' lang='lat' dir='ltr'>propter</span> <span class='ocrx_word' id='word_1_525' title='bbox 1767 2562 1836 2591; x_wconf 73' lang='lat' dir='ltr'>illas</span> 
     </span>
    </p>

    <p class='ocr_par' dir='ltr' id='par_1_15' title="bbox 196 2614 1835 2658">
     <span class='ocr_line' id='line_1_54' title="bbox 196 2614 1835 2658; baseline -0.002 -12"><span class='ocrx_word' id='word_1_526' title='bbox 196 2616 318 2646; x_wconf 86' lang='lat' dir='ltr'>litteras</span> <span class='ocrx_word' id='word_1_527' title='bbox 344 2617 580 2649; x_wconf 82' lang='lat' dir='ltr'>intermitteret.</span> <span class='ocrx_word' id='word_1_528' title='bbox 607 2627 686 2658; x_wconf 87' lang='lat' dir='ltr'>quas</span> <span class='ocrx_word' id='word_1_529' title='bbox 712 2616 880 2647; x_wconf 86' lang='lat' dir='ltr'>insidiator</span> <span class='ocrx_word' id='word_1_530' title='bbox 903 2620 1015 2647; x_wconf 85' lang='lat' dir='ltr'>noster</span> <span class='ocrx_word' id='word_1_531' title='bbox 1039 2616 1232 2646; x_wconf 82' lang='lat' dir='ltr'>exhibebat:</span> <span class='ocrx_word' id='word_1_532' title='bbox 1258 2616 1352 2645; x_wconf 89' lang='lat' dir='ltr'>immo</span> <span class='ocrx_word' id='word_1_533' title='bbox 1377 2614 1461 2655; x_wconf 84' lang='lat' dir='ltr'>quod</span> <span class='ocrx_word' id='word_1_534' title='bbox 1481 2614 1671 2655; x_wconf 76' lang='lat' dir='ltr'>regulariter</span> <span class='ocrx_word' id='word_1_535' title='bbox 1690 2618 1835 2654; x_wconf 87' lang='lat' dir='ltr'>coeptum</span> 
     </span>
    </p>

    <p class='ocr_par' dir='ltr' id='par_1_16' title="bbox 197 2665 1836 2708">
     <span class='ocr_line' id='line_1_55' title="bbox 197 2665 1836 2708; baseline -0.002 -11"><span class='ocrx_word' id='word_1_536' title='bbox 197 2668 301 2698; x_wconf 85' lang='lat' dir='ltr'>fuerat</span> <span class='ocrx_word' id='word_1_537' title='bbox 324 2670 359 2697; x_wconf 92' lang='lat' dir='ltr'>ut</span> <span class='ocrx_word' id='word_1_538' title='bbox 383 2669 537 2698; x_wconf 79' lang='lat' dir='ltr'>canonice</span> <span class='ocrx_word' id='word_1_539' title='bbox 562 2671 824 2708; x_wconf 86' lang='lat' dir='ltr'>pertractaretur.</span> <span class='ocrx_word' id='word_1_540' title='bbox 850 2668 1044 2698; x_wconf 88' lang='lat' dir='ltr'>unanimiter</span> <span class='ocrx_word' id='word_1_541' title='bbox 1069 2671 1217 2698; x_wconf 79' lang='lat' dir='ltr'>censent:</span> <span class='ocrx_word' id='word_1_542' title='bbox 1245 2667 1482 2707; x_wconf 77' lang='lat' dir='ltr'>precipiturque</span> <span class='ocrx_word' id='word_1_543' title='bbox 1508 2666 1635 2695; x_wconf 87' lang='lat' dir='ltr'>recitari</span> <span class='ocrx_word' id='word_1_544' title='bbox 1662 2665 1836 2705; x_wconf 85' lang='lat' dir='ltr'>capitulum</span> 
     </span>
    </p>

    <p class='ocr_par' dir='ltr' id='par_1_17' title="bbox 198 2716 1835 2819">
     <span class='ocr_line' id='line_1_56' title="bbox 198 2716 1835 2758; baseline -0.002 -10"><span class='ocrx_word' id='word_1_545' title='bbox 198 2719 440 2758; x_wconf 48' lang='lat' dir='ltr'>cartaginensis·</span> <span class='ocrx_word' id='word_1_546' title='bbox 465 2720 589 2749; x_wconf 83' lang='lat' dir='ltr'>concilii</span> <span class='ocrx_word' id='word_1_547' title='bbox 615 2730 730 2750; x_wconf 88' lang='lat' dir='ltr'>nonum</span> <span class='ocrx_word' id='word_1_548' title='bbox 756 2719 932 2750; x_wconf 85' lang='lat' dir='ltr'>decimum¹</span> <span class='ocrx_word' id='word_1_549' title='bbox 959 2719 997 2749; x_wconf 89' lang='lat' dir='ltr'>de</span> <span class='ocrx_word' id='word_1_550' title='bbox 1023 2723 1174 2749; x_wconf 86' lang='lat' dir='ltr'>accusato</span> <span class='ocrx_word' id='word_1_551' title='bbox 1200 2722 1230 2748; x_wconf 84' lang='lat' dir='ltr'>ct</span> <span class='ocrx_word' id='word_1_552' title='bbox 1256 2721 1453 2748; x_wconf 76' lang='lat' dir='ltr'>accusatore.</span> <span class='ocrx_word' id='word_1_553' title='bbox 1492 2717 1562 2752; x_wconf 73' lang='lat' dir='ltr'>Quo</span> <span class='ocrx_word' id='word_1_554' title='bbox 1582 2717 1725 2746; x_wconf 82' lang='lat' dir='ltr'>recitate.</span> <span class='ocrx_word' id='word_1_555' title='bbox 1754 2716 1835 2746; x_wconf 87' lang='lat' dir='ltr'>iudi-</span> 
     </span>
     <span class='ocr_line' id='line_1_57' title="bbox 303 2785 1434 2819; baseline 0.001 -10"><span class='ocrx_word' id='word_1_556' title='bbox 303 2787 325 2809; x_wconf 51' lang='lat' dir='ltr'>lr</span> <span class='ocrx_word' id='word_1_557' title='bbox 354 2786 460 2810; x_wconf 61' lang='lat' dir='ltr'>Videon·</span> <span class='ocrx_word' id='word_1_558' title='bbox 483 2787 592 2819; x_wconf 52' lang='lat' dir='ltr'>intelligo</span> <span class='ocrx_word' id='word_1_559' title='bbox 613 2796 668 2819; x_wconf 68' lang='lat' dir='ltr'>cop.</span> <span class='ocrx_word' id='word_1_560' title='bbox 686 2793 706 2812; x_wconf 69' lang='grc' dir='ltr'>ΕΙ,</span> <span class='ocrx_word' id='word_1_561' title='bbox 727 2790 746 2811; x_wconf 62' lang='lat' dir='ltr'><em>a</em></span> <span class='ocrx_word' id='word_1_562' title='bbox 771 2792 806 2812; x_wconf 70' lang='lat' dir='ltr'>Jo,</span> <span class='ocrx_word' id='word_1_563' title='bbox 827 2787 932 2811; x_wconf 52' lang='lat' dir='ltr'>romalii</span> <span class='ocrx_word' id='word_1_564' title='bbox 952 2787 1022 2811; x_wconf 60' lang='lat' dir='ltr'>ferris</span> <span class='ocrx_word' id='word_1_565' title='bbox 1043 2787 1262 2818; x_wconf 58' lang='lat' dir='ltr'>l&#39;arrlloqffnrnsls.</span> <span class='ocrx_word' id='word_1_566' title='bbox 1306 2785 1434 2810; x_wconf 47' lang='grc' dir='ltr'>ΙΙᾎΙΙΤΖ.</span> 
     </span>
    </p>
   </div>
   <div class='ocr_carea' id='block_1_15' title="bbox 1598 2829 1632 2841">
    <p class='ocr_par' dir='ltr' id='par_1_18' title="bbox 1598 2829 1632 2841">
     <span class='ocr_line' id='line_1_58' title="bbox 1598 2829 1632 2841; baseline -0.029 -3"><span class='ocrx_word' id='word_1_567' title='bbox 1598 2829 1632 2841; x_wconf 61' lang='grc' dir='ltr'>,μ</span> 
     </span>
    </p>
   </div>
   <div class='ocr_carea' id='block_1_16' title="bbox 1863 2059 1952 2078">
    <p class='ocr_par' dir='ltr' id='par_1_19' title="bbox 1863 2059 1952 2078">
     <span class='ocr_line' id='line_1_59' title="bbox 1863 2059 1952 2078; baseline -0.011 -1"><span class='ocrx_word' id='word_1_568' title='bbox 1863 2059 1904 2077; x_wconf 68' lang='lat' dir='ltr'>lanv</span> <span class='ocrx_word' id='word_1_569' title='bbox 1926 2060 1952 2078; x_wconf 77' lang='grc'>13,</span> 
     </span>
    </p>
   </div>
  </div>
 </body>
</html>
