2205 3072
390 187 451 217 266
799 184 981 211 FRIDERICI
1000 184 1019 210 Ι.
1039 183 1360 211 CONSTITUTIONES.
1398 184 1472 210 1160.
1510 184 1557 210 Nr.
1572 184 1629 210 190.

391 274 483 314 parte
517 270 726 302 cardinalium
759 271 915 312 petitione
945 271 1056 312 populi
1080 271 1156 302 *et*
1185 281 1344 302 consensu
1375 281 1412 301 ac
1441 270 1600 301 desiderio
1624 271 1700 301 cleri
1726 268 1910 312 [Romanip]
1935 270 2036 301 fuisse

391 324 530 354 electum
556 326 588 353 et
611 323 835 364 sollempniter
858 324 1085 362 inmantatum,
1116 322 1172 365 [et]
1200 322 1284 364 quod
1295 328 1318 359 ¹1,
1352 325 1504 364 presente
1534 326 1566 353 et
1589 327 1670 352 nonr
1694 321 1935 353 contradicente
1956 321 2035 352 Rol-

391 375 485 405 lando
515 373 674 416 quondam
700 374 904 411 cancellario,
934 374 966 404 in
990 374 1149 405 kathedra
1178 373 1265 404 beati
1289 373 1378 404 Petri
1401 373 1499 404 fuerit
1523 373 1712 411 collocatus,
1743 376 1774 404 et
1798 373 1883 414 quod
1906 372 1966 403 ibi⁵
1990 373 2037 403 eit

391 436 409 456 a
434 425 650 456 cardinalibus
675 429 707 456 et
731 426 816 456 clero
840 425 988 456 Romano
1013 425 1070 457 ‘Te
1088 425 1195 456 Deum
1212 424 1392 456 laudamus'
1416 425 1557 466 gloriose
1577 424 1652 468 [est]
1671 425 1887 464 decantatum,
1913 429 1944 456 et
1961 425 2035 456 inde

390 477 432 508 ad
457 477 612 519 palatium
637 488 707 508 cum
732 477 866 508 bandisu
891 480 923 508 et
946 477 1015 508 aliis
1039 478 1209 519 papalibus
1233 477 1415 518 insignibus
1441 481 1490 507 est
1515 477 1684 508 deductus.

494 530 522 560 2.
549 528 737 571 [Probatum
770 532 849 566 estv,
883 528 968 570 quod
996 539 1034 559 eo
1064 532 1210 570 tempore
1241 538 1302 569 quo
1327 528 1442 559 electio
1466 528 1589 559 Romae
1615 528 1857 565 celebrabatur,
1889 530 1981 558 erant
2005 527 2037 558 in

392 581 482 612 Urbe
511 581 732 612 tantummodo
756 580 856 611 XXII
881 580 1072 617 cardinales,
1103 591 1144 611 ex
1168 579 1284 621 quibus
1309 590 1380 610 cum
1405 580 1552 610 dominus
1577 580 1700 619 Victor,
1726 583 1802 611 tunc
1827 579 2036 617 Octavianus,

393 636 425 664 et
441 632 622 664 Rollandus
639 633 802 674 segregati
818 632 966 669 fuissent,
990 636 1215 663 remanserunt
1231 632 1455 663 tantummodo
1472 631 1537 662 XX
1554 632 1725 668 electores,
1744 643 1785 663 ex
1804 632 1920 673 quibus
1939 631 2037 662 VIIII

391 684 527 714 sanioris
559 683 685 715 consilii
719 687 750 714 et
777 684 865 715 nulla
890 684 1111 715 coniuratione
1136 683 1305 722 foederati,
1337 694 1472 725 quorum
1498 694 1561 714 vox
1590 684 1692 725 prima
1716 687 1786 714 erat
1809 684 1841 714 in
1866 683 2036 721 electione,

389 740 479 766 unaW
502 746 574 766 cum
599 736 739 778 capitulo
763 736 850 766 beati
874 735 972 773 Petri,
997 736 1154 777 petitione
1179 735 1300 777 populi,
1326 746 1487 766 consensu
1505 739 1558 766 et¹
1582 735 1743 766 desiderio
1762 735 1849 773 cleri,
1873 737 2036 766 annuente

390 787 502 818 ordine
528 791 713 818 senatorum
737 791 768 818 et
793 787 1001 818 nobilioribus
1025 786 1212 823 Romanisy,
1237 787 1401 817 dominum
1425 786 1609 818 Victoremz
1635 786 1825 829 elegerunt]

494 840 522 869 3.
547 838 589 870 Et
613 839 717 870 clerus
750 843 782 870 et
813 840 951 881 populus
985 838 1162 869 secundum
1187 838 1454 869 consuetudinem
1483 839 1721 879 interrogatus“
1746 849 1802 880 per
1825 838 2037 876 scriniarium,

389 890 414 920 si
445 890 602 932 placeret,
640 891 743 922 tribus
773 891 897 922 vicibus
929 891 1016 921 clara
1045 891 1142 921 voceb
1172 889 1368 931 respondit0:
1404 889 1549 922 ‘Placetl
1602 890 1798 921 Probatumd
1829 894 1878 921 est
1910 890 2037 927 etiam⁹,

391 942 474 983 quod
498 942 697 973 Rollandusf
724 946 799 984 post
828 942 935 972 domni
961 942 1101 973 Victoris
1126 942 1361 983 promotionem
1387 941 1480 973 XII.g
1509 942 1560 973 die
1586 942 1626 973 ab
1649 942 1738 973 Urbe
1764 952 1924 983 egressus,
1953 942 2038 983 apud

391 993 589 1032 Cisternam,
619 994 673 1025 *in
703 1005 765 1036 qua
795 994 882 1025 Nero
914 995 1088 1035 imperator
1112 993 1272 1035 quondam
1296 993 1336 1024 ab
1362 992 1451 1024 Urbe
1477 994 1632 1035 profugus
1657 993 1824 1031 latitavit,*
1851 993 1895 1036 [in
1918 994 2037 1024 finibus

391 1049 496 1076 terrae
529 1045 649 1077 Siculih
679 1046 711 1076 in
744 1047 814 1077 loco
847 1057 909 1076 non
938 1044 1070 1087 celebri]
1105 1046 1205 1087 primo
1237 1049 1287 1076 est
1318 1046 1526 1076 inmantatus.
1573 1045 1764 1077 Probatumi
1788 1045 1867 1084 estk,
1898 1045 1981 1086 quod
2007 1046 2039 1076 in

391 1097 548 1128 secunda¹
576 1098 628 1129 die
657 1101 730 1139 post
759 1098 991 1139 promotionem
1020 1097 1129 1128 domni
1155 1097 1296 1128 Victoris
1328 1097 1506 1128 Rollandus
1538 1098 1753 1139 interrogatus
1782 1108 1800 1128 a
1829 1097 2039 1128 rectoribusm

391 1149 467 1180 cleri
499 1149 636 1180 Romani
667 1153 698 1180 et
727 1155 766 1180 a¹³
795 1150 920 1180 clericis
955 1149 994 1181 de
1026 1161 1084 1181 sua
1114 1149 1320 1187 cardinalia0,
1353 1150 1378 1179 si
1409 1149 1526 1180 domno
1550 1149 1675 1180 Victori
1701 1152 1787 1180 esset
1812 1149 2039 1187 obediendum,

392 1211 547 1242 expresse
573 1202 738 1232 confessus
763 1206 822 1238 est,
848 1212 881 1232 se
901 1213 1073 1243 numquam
1090 1202 1190 1233 fuisse
1213 1202 1436 1236 inmantatum.
1462 1205 1493 1232 et
1510 1211 1665 1243 expresse
1684 1201 1777 1232 dixit:
1803 1201 1861 1232 ‘Ite
1886 1205 1937 1232 etp
1962 1201 2038 1231 obe-

391 1252 456 1283 dite
482 1253 520 1291 ei,
545 1263 640 1294 quem
665 1254 879 1284 immantatum
905 1264 976 1285 esse
1003 1253 1138 1284 videtis'.
1186 1253 1290 1295 Super
1314 1253 1362 1284 his
1388 1254 1536 1295 capitulis
1559 1254 1688 1284 fuerunt
1706 1257 1805 1284 testes
1830 1256 1862 1284 et
1879 1253 1937 1283 sub
1956 1253 2039 1284 stola

392 1305 486 1335 tactis
512 1306 727 1336 sacrosanctis
753 1306 955 1347 euvangeliis
980 1306 1168 1337 iuraverunt
1191 1305 1327 1336 domnus
1352 1305 1468 1336 Petrus
1490 1305 1693 1337 Christianus
1717 1305 1860 1336 decanus
1886 1304 2040 1335 basilicae

392 1356 480 1387 beati
504 1356 593 1388 Petri

751 1417 782 1448 V.
800 1417 837 1450 L.

393 1479 463 1499 cum
489 1468 614 1500 duobus
639 1469 792 1500 fratribus
818 1470 893 1503 suis.
919 1470 949 1500 in
974 1480 1114 1511 persona
1132 1480 1190 1500 sua

392 1523 424 1550 et
455 1521 554 1551 totius
585 1521 716 1562 capituli
746 1521 831 1552 beati
859 1521 957 1556 Petri,
990 1521 1044 1552 ubi
1076 1532 1190 1563 corpus

393 1572 495 1614 ipsius
509 1573 727 1613 apostolorum
742 1573 895 1614 principis
910 1573 1092 1614 requiescit,
1108 1583 1190 1614 quae

395 1628 445 1655 est
469 1628 573 1655 mater
602 1628 711 1654 nostra
742 1629 773 1655 et
797 1628 893 1666 caput
918 1625 1059 1655 omnium
1085 1625 1188 1655 eccle-

396 1676 524 1713 siarum,
540 1676 628 1706 cuius
643 1676 737 1706 etiam
748 1676 894 1707 litterasq
908 1679 939 1706 et
952 1677 1083 1717 plenum
1098 1677 1189 1707 testi-

397 1729 539 1758 monium
564 1727 774 1758 habebamus.
825 1726 981 1758 Similiter
1005 1728 1191 1759 iuraverunt

395 1780 537 1820 religiosi
551 1783 582 1809 et
596 1779 833 1809 honestissimir
848 1783 990 1810 rectores
1009 1784 1041 1810 et
1054 1780 1190 1821 praelati

395 1831 472 1862 cleri
490 1830 657 1861 Romanae
675 1831 774 1868 urbis,
800 1831 851 1872 qui
870 1832 977 1862 onmia
993 1831 1143 1862 viderunt
1160 1835 1192 1862 et

395 1886 633 1921 tractaverunt,
666 1892 798 1923 quorum
830 1884 959 1914 nomina
991 1886 1065 1914 sunt
1095 1883 1191 1914 haec:

395 1934 543 1965 dominus
571 1933 718 1965 Blasius⁸
743 1935 1013 1976 archipresbyter,
1043 1935 1190 1965 dominus

395 1986 588 2017 Maineriust
612 1986 883 2027 archipresbyter,
908 1986 1069 2018 Ioannesu
1086 1987 1190 2017 archi-

395 2037 581 2080 presbyter,
634 2038 844 2068 Aimerardus
899 2038 1191 2080 archipresbyter&

395 2089 612 2120 BernardusW
637 2089 907 2131 archipresbyter,
932 2091 1008 2120 item
1032 2090 1192 2121 Ioannesu

396 2141 670 2182 archipresbyter.
696 2139 835 2171 Gentilis
861 2141 1042 2182 presbyter,
1073 2141 1190 2172 Tholo-

396 2198 509 2223 meusx
520 2192 790 2233 archipresbyter,
803 2192 999 2223 Benedictus
1010 2192 1192 2231 diaconusy,

396 2244 550 2285 magister
575 2243 750 2278 Gerardus,
780 2243 957 2274 Nicholaus
983 2248 1016 2275 et
1039 2244 1093 2274 alii
1117 2245 1191 2275 reli-

397 2296 480 2336 giosi
504 2298 535 2325 et
559 2295 685 2326 honesti
710 2295 818 2326 clerici
843 2294 991 2326 Romani.

501 2400 562 2425 190.
583 2401 607 2431 ἃ)
622 2401 747 2425 asteriscis
761 2405 847 2425 nomm
860 2402 909 2425 des.
928 2401 953 2425 Γ.
967 2401 992 2425 L.

648 2446 672 2474 v)
692 2444 759 2468 dees!
775 2444 800 2468 Γ.
871 2446 900 2470 w)
915 2453 1017 2476 unaque
1032 2445 1061 2468 L.

770 2488 792 2517 a)
813 2487 880 2511 deest
892 2487 923 2511 B.

397 2446 421 2471 ¹¹)
442 2445 533 2468 hannis
550 2445 576 2468 l..

395 2488 465 2518 siyno
484 2486 532 2510 huc
552 2487 654 2511 <luctum
673 2487 697 2511 Γ.

398 2530 447 2554 (les.
462 2530 491 2553 L.
563 2530 585 2563 θ)
606 2531 631 2554 ἱιι
644 2531 758 2562 πιιινιᾳίηε
776 2530 801 2554 Γ.

398 2578 456 2597 tura
472 2573 498 2598 V.
570 2572 594 2604 k)
614 2574 690 2598 etiam
708 2573 770 2597 add.
786 2573 815 2597 L,

397 2617 421 2646 Π)
443 2617 496 2640 loco
516 2620 540 2640 et
558 2626 572 2640 a
594 2617 622 2640 G.
638 2617 699 2641 Fr..-
718 2625 755 2640 ac.

398 2664 422 2683 et
441 2660 612 2684 testimonium
631 2660 734 2692 plenum
755 2660 892 2683 habeamus
913 2659 942 2683 L.

370 2711 372 2713 ·
399 2703 506 2733 u)1.L.

885 2572 904 2599 ἣ
924 2575 1034 2598 secundo
1056 2574 1084 2598 G.
1099 2574 1145 2598 Fr.

606 2706 629 2727 v)
647 2704 713 2727 Aim.
733 2704 802 2727 arch.
822 2703 871 2726 cles.
886 2702 915 2726 L.
1017 2704 1046 2729 w)
1067 2704 1093 2726 B.
1111 2702 1138 2726 L.

398 2789 542 2819 Ptolomeus
564 2788 617 2813 02.
707 2788 729 2819 b)
750 2789 897 2813 Gerhardus
916 2788 940 2812 B
955 2789 975 2812 1.

1060 2402 1084 2428 Ρ)
1098 2403 1191 2426 Romae
1209 2402 1235 2426 L.

1133 2445 1157 2471 x)
1170 2454 1199 2469 ac
1211 2446 1238 2470 L.

996 2487 1019 2519 ¹¹)
1039 2496 1100 2512 voce
1113 2489 1182 2512 clara
1195 2488 1225 2512 L.

872 2529 895 2561 s)
916 2531 972 2554 XII.
986 2531 1025 2555 die
1038 2535 1140 2561 ponunt
1153 2531 1198 2555 hoc
1213 2532 1267 2555 loco
1283 2534 1312 2555 (ι’.
1324 2531 1370 2555 Fr.

1217 2575 1247 2601 ¹³¹)
1266 2578 1291 2598 et
1309 2575 1370 2599 add.
1390 2575 1414 2598 B
1430 2574 1454 2603 1;
1479 2575 1619 2599 rectoribus
1639 2578 1663 2599 et
1682 2575 1748 2598 clero
1767 2575 1879 2598 Romano
1898 2573 1922 2597 B
1934 2572 1966 2597 2?
1986 2572 2039 2597 02.

844 2617 867 2641 0)
887 2617 1060 2641 csrdinalitate
1081 2617 1108 2644 ἢ
1127 2617 1156 2641 de
1175 2626 1221 2641 sua
1234 2618 1301 2641 card.
1317 2618 1366 2642 des.
1381 2618 1412 2641 L.

1043 2658 1062 2687 Γ)
1082 2660 1181 2683 bonesti
1201 2660 1230 2683 L.

1235 2703 1260 2731 x)
1280 2703 1441 2728 l'tnlnssunaeus
1461 2704 1490 2727 L.

397 2746 484 2770 codd:
504 2747 536 2769 M.
557 2750 581 2769 et
600 2747 618 2769 Ι.
638 2755 673 2777 pr.
693 2755 717 2777 g.
737 2749 761 2769 et
780 2746 829 2769 alia
848 2746 1053 2777 archipresbiteri
1073 2746 1137 2769 Aim,
1158 2747 1319 2770 Bernhardus
1338 2746 1386 2771 B‘.

1588 1418 1626 1449 G.
1644 1418 1701 1449 Fr.

1245 1475 1277 1501 et
1302 1471 1332 1501 in
1358 1481 1495 1512 persona
1520 1480 1579 1500 sua
1603 1473 1634 1500 et
1652 1470 1794 1500 omnium
1812 1469 1945 1499 fratrum
1964 1478 2037 1498 suo-

1246 1533 1325 1553 rum.

1245 1574 1416 1615 presbiteri
1442 1577 1474 1604 et
1498 1577 1641 1604 rectores
1659 1573 1735 1603 cleri
1757 1572 1894 1603 Romani
1911 1571 2040 1602 Blasius

1246 1629 1277 1657 et
1294 1626 1470 1663 Manerius,
1495 1625 1674 1667 presbiterz
1692 1624 1865 1661 Iohannes,
1884 1623 2042 1665 presbiter

1246 1676 1608 1716 Gentilis,Ain1eradus
1634 1676 1898 1718 archipresbiter,
1923 1675 2040 1706 Berar-

1245 1729 1304 1760 dus
1321 1729 1584 1770 archipresbiter,
1600 1728 1761 1759 Iohannes
1775 1727 2041 1768 archipresbiter,

1246 1780 1445 1812 Benedictus
1470 1780 1634 1817 diaconus,
1665 1780 1822 1821 magister
1845 1779 2040 1810 Tolomeus³

1246 1833 1510 1874 archipresbiter,
1535 1832 1692 1872 magister
1716 1830 1900 1862 Grerardusb
1924 1834 1956 1861 et
1973 1830 2040 1872 Ny-

1247 1884 1358 1915 colaus
1383 1888 1415 1915 et
1439 1884 1493 1915 alii
1518 1884 1645 1914 honesti
1670 1883 1779 1914 clerici
1804 1883 1953 1914 Romani.

1899 2402 1919 2426 ἵ)
1934 2401 2001 2425 deest
2012 2400 2043 2424 L.

1775 2445 1796 2475 z)
1817 2445 1842 2468 ιἰι
1860 2445 1981 2477 margine,
2000 2443 2044 2468 sed

1299 2402 1323 2433 ¹¹)
1336 2404 1396 2433 quia
1413 2402 1440 2426 V.
1495 2404 1514 2428 r)
1529 2403 1596 2427 dees!
1611 2402 1640 2427 L,
1697 2402 1717 2434 s)
1731 2403 1798 2426 deest
1816 2402 1841 2425 V.

1308 2450 1332 2475 Ι)
1345 2446 1473 2469 nobilibus
1486 2447 1655 2470 Romanorum
1672 2445 1701 2469 L.

1646 2487 1670 2517 d)
1690 2489 1828 2512 l’robatum
1842 2501 1873 2504 —
1888 2488 2044 2511 immantatus

1647 2530 1670 2561 11)
1691 2531 1768 2555 Sicilii
1786 2531 1812 2555 V.

1304 2489 1325 2517 θ’)
1346 2489 1530 2520 responderunt
1550 2488 1574 2512 V.

1442 2532 1466 2561 g)
1487 2532 1531 2555 111.
1549 2531 1575 2556 V.
1882 2529 1900 2559 i)
1919 2539 1932 2554 e
1944 2538 2041 2554 correc-

1500 2621 1524 2645 Ρ)
1544 2618 1611 2642 deest
1629 2617 1653 2641 B
1669 2617 1688 2641 1.
1777 2616 1802 2648 ⁴1)
1821 2617 1889 2641 deest
1904 2617 1938 2646 12¹
1957 2617 2042 2640 literas

1336 2660 1356 2689 ⁵)
1377 2661 1488 2685 Basilius
1508 2661 1534 2684 Γ.
1639 2660 1657 2686 ἣ
1677 2662 1790 2685 Maimus
1807 2659 1834 2689 V,-
1859 2660 1997 2684 Mamerius
2012 2659 2041 2683 L.

1578 2706 1601 2728 ἲ)
1620 2704 1730 2727 decanus
1749 2703 1779 2726 L.
1867 2703 1890 2733 Ζ)
1909 2703 2041 2734 presbiteri

1474 2748 1496 2773 ²)
1516 2747 1643 2771 'roloneus
1662 2746 1686 2770 B
1701 2745 1722 2770 1.
1742 2746 1790 2773 Β”;
1809 2746 1958 2770 'l'olonensis
1976 2745 2000 2769 B
2014 2745 2041 2776 23

1372 1522 1566 1553 Iuraverunt
1590 1522 1687 1552 etiam
1706 1521 1909 1552 venerabiles
1935 1519 2038 1550 archi·
2068 1542 2078 1547 -

2066 741 2089 759 lo

2067 999 2089 1017 15

2067 1261 2091 1279 20

2068 1791 2092 1808 30

2068 2048 2092 2066 35

2068 2306 2093 2324 40

2068 2577 2092 2595 45

2070 2791 2094 2809 50
