2205 3072
338 196 398 226 '298
746 194 925 220 FRIDERICI
945 195 964 220 Ι.
984 194 1304 220 CONSTITUTIONES.
1342 195 1415 220 1162.
1453 195 1499 220 Nr.
1513 195 1570 220 212.

341 291 425 311 anno
451 280 577 321 quando
601 281 768 321 imperiale
793 280 917 311 fodrum
942 291 999 322 per
1022 281 1249 312 Lombardiam
1273 281 1469 322 accipiemus
1495 284 1526 311 et
1550 291 1608 322 per
1632 281 1883 319 Cremonensem
1909 281 1977 323 epi-

341 336 507 373 scopatum
534 332 682 362 similiter
707 332 738 362 id
762 332 966 373 colligemus:
991 336 1066 363 tunc
1084 333 1262 374 preseripte
1280 333 1416 373 pecunie
1434 332 1464 362 id
1483 335 1531 363 est
1548 332 1775 363 ducentarumf
1799 343 1978 363 marearum

341 383 506 414 dationem
531 394 592 413 non
617 383 811 424 prestabitis.
856 384 919 414 Pro
944 384 1100 415 fidelitate
1125 388 1232 415 autem
1258 388 1364 414 vestra
1388 384 1512 414 fodrum
1536 384 1619 414 infra
1642 394 1749 415 muros
1776 388 1882 415 vestre
1900 384 1976 415 civi-

339 435 412 465 tatis
444 438 476 465 et
505 434 656 465 suburbio
690 435 759 465 eius
789 435 878 465 vobis
908 436 939 465 in
964 440 1156 477 perpetuum
1182 435 1399 465 concedimus,
1489 436 1537 476 (4)
1562 435 1788 466 Instituimusg
1812 436 1919 473 etiam,
1942 439 1978 466 ut

341 496 548 516 successores
574 487 673 516 nostri
699 497 792 527 reges
818 490 849 517 01
873 487 1085 528 imperatores
1110 487 1246 517 eandem
1274 487 1477 517 concordiam
1504 491 1535 517 et
1552 487 1637 518 idem
1656 491 1795 529 pactum,
1821 487 1904 528 quod
1921 498 1977 518 nos

340 537 507 568 vobiscum
537 537 684 571 facimus.
716 538 840 568 firmum
871 543 902 568 et
933 538 1049 569 stabile
1081 541 1270 569 conservent
1300 549 1336 568 ae
1370 538 1496 580 scriptis
1522 539 1588 569 suis
1614 539 1833 570 corroborent:
1865 542 1897 569 et
1921 548 1978 569 vos

341 589 489 619 similiter
513 588 626 619 eadem
651 589 805 620 fidelitate
831 593 862 620 et
886 591 1108 628 conventione,
1134 601 1194 631 que
1213 590 1297 620 inter
1314 600 1372 620 nos
1390 593 1421 620 et
1439 601 1494 621 vos
1512 590 1638 621 firmata
1655 594 1715 625 est,
1741 590 1803 621 illis
1822 594 1978 632 perpetuo

340 640 527 671 teneamini.
617 640 665 681 (ἱὸ)
691 640 806 671 Ν1111115
837 645 945 672 autem
978 641 1063 683 apud
1095 652 1151 672 vos
1180 642 1211 672 in
1237 641 1425 672 consolatuh
1449 642 1634 683 accipiatur,
1664 642 1716 682 qui
1741 652 1803 672 non
1829 642 1920 679 iuret,
1945 652 1979 672 se

344 691 425 722 hanc
451 692 639 733 pensionem
665 694 695 722 in
721 703 778 723 suo
802 693 969 723 consulatu
996 697 1026 723 et
1051 693 1187 724 termino
1213 693 1390 734 prescripto
1415 693 1605 727 soluturum,
1630 693 1756 734 quando
1781 703 1839 735 per
1856 696 1979 723 certum

341 744 492 774 nuncium
516 744 611 774 fuerit
636 745 834 785 requisitum,
860 748 892 774 et
916 745 946 774 in
971 745 1137 775 consolatu
1154 755 1247 775 nemo
1273 745 1455 786 recipiatur,
1477 745 1538 775 nisi
1554 745 1645 775 nobis
1663 749 1717 776 aut
1736 745 1978 776 successoribus

341 795 459 825 nostris
491 795 622 836 regibus
653 806 710 827 seu
740 796 988 837 imperatoribus
1017 796 1207 827 fidelitatem
1237 797 1329 835 iuret,
1365 797 1389 827 si
1416 796 1551 827 necdum
1576 797 1738 827 iuraverit.
1828 796 1876 838 (6)
1902 796 1979 832 Qui-

340 857 477 888 cumque
508 858 583 878 vero
618 848 701 878 iurat
739 851 975 879 sacramentum
1006 848 1036 878 in
1068 848 1198 878 introitu
1233 848 1435 879 consulatus.
1476 848 1535 878 hoe
1567 849 1754 878 nominatim
1784 848 1912 884 iurabit,
1947 852 1981 879 ut

339 897 485 938 guidabit
515 902 546 929 et
576 903 667 940 reget
696 899 848 941 populum
876 898 1128 930 Cremonensem
1154 900 1239 929 intus
1271 903 1303 929 et
1327 899 1404 929 foris
1430 898 1469 929 ad
1494 899 1683 930 fidelitatem
1708 904 1739 930 et
1763 900 1918 930 honorem
1944 910 1980 930 ac

340 950 505 981 servitium
530 955 672 982 nostrum
703 956 734 982 et
764 952 999 982 salvamentum
1030 951 1184 982 civitatis:
1218 954 1249 981 et
1274 961 1402 992 semper
1434 952 1642 982 interseretur
1665 951 1696 982 in
1721 954 1923 982 sacramento
1949 954 1980 981 et

342 1002 509 1032 consulum
535 1006 566 1033 et
590 1003 734 1037 aliorum,
759 1003 843 1044 quod
869 1003 1057 1033 fidelitatem
1084 1002 1259 1033 servabunt
1283 1002 1374 1033 nobis
1400 1003 1468 1033 sine
1493 1003 1605 1033 fraude
1630 1007 1661 1033 et
1685 1004 1767 1034 malo
1785 1003 1922 1044 ingenio⁷
1948 1005 1979 1034 et

343 1052 457 1084 fraude
482 1064 544 1084 non
570 1054 743 1091 omittenti,
768 1055 842 1095 quin
869 1054 1027 1086 mandata.
1053 1065 1113 1095 que
1138 1054 1309 1085 fecerimus
1333 1065 1391 1095 per
1415 1054 1555 1085 debitum
1581 1054 1743 1086 fidelitatis
1769 1055 1819 1085 vel
1841 1065 1899 1096 per
1922 1064 1980 1085 nos

341 1104 392 1134 vel
417 1115 475 1146 per
499 1109 602 1136 certas
627 1110 752 1136 nostras
778 1106 899 1138 literas.
925 1106 1008 1137 bona
1032 1106 1094 1136 fide
1112 1106 1290 1138 attendant.
1380 1107 1427 1147 (7)
1444 1106 1603 1137 Volumus
1622 1107 1729 1146 etiam,
1754 1110 1788 1137 ut
1806 1117 1877 1137 cum
1894 1106 1982 1137 nulla

340 1156 471 1187 civitate
490 1157 742 1188 coniurationem
761 1158 829 1188 sine
845 1158 998 1198 parabola
1016 1161 1124 1188 nostra
1142 1158 1282 1188 faciatis:
1307 1162 1338 1188 et
1357 1158 1499 1198 quolibet
1517 1158 1627 1199 quinto
1645 1168 1727 1188 anno
1746 1161 1982 1189 sacramentum

342 1206 508 1238 fidelitatis
542 1212 649 1239 nostre
681 1209 827 1239 renovari
860 1209 986 1239 faciatis
1018 1210 1058 1240 ab
1092 1209 1154 1240 illis
1185 1209 1237 1251 qui
1263 1209 1401 1239 nondum
1425 1209 1581 1241 fecerunt.
1670 1209 1717 1250 (8)
1743 1209 1802 1240 Pro
1826 1209 1982 1240 fidelitate

340 1263 448 1290 autem
474 1264 506 1290 et
530 1261 672 1293 servitio.
698 1261 782 1302 quod
807 1272 863 1292 vos
882 1260 1115 1292 Cremonenses
1141 1261 1280 1302 gloriose
1306 1264 1413 1291 nostro
1432 1261 1625 1292 exhibuistis
1644 1262 1787 1303 imperio,
1812 1261 1870 1292 hoc
1888 1261 1979 1292 vobis
2009 1272 2020 1291 2

342 1311 493 1342 munifica
517 1312 666 1353 largitate
692 1313 907 1345 concedimus.
934 1313 1016 1354 quod
1042 1313 1159 1343 milites
1184 1319 1216 1343 et
1241 1313 1432 1354 burgenses,
1458 1314 1510 1354 qui
1536 1313 1566 1343 in
1591 1313 1723 1344 castello
1750 1313 1865 1344 Creme
1889 1312 1981 1344 habi-

341 1365 409 1392 tant
435 1363 567 1404 imperio
592 1364 788 1395 rebellantes
814 1368 845 1395 et
869 1375 948 1406 (11105
975 1365 1002 1395 111
1034 1365 1139 1395 banno
1165 1369 1274 1395 nostro
1305 1365 1482 1406 posuimus,
1514 1375 1675 1406 uunquam
1701 1376 1719 1395 a
1743 1365 1850 1395 banno
1876 1368 1983 1395 nostro

344 1413 550 1445 absolvemus
580 1426 638 1446 1100
670 1416 700 1446 111
730 1417 865 1457 gratiam
895 1420 1038 1447 nostram
1069 1428 1122 1447 005
1152 1417 1199 1447 vel
1231 1416 1366 1447 heredes
1391 1427 1499 1447 eorum
1529 1417 1737 1458 recipiemus,
1768 1417 1829 1447 nisi
1854 1417 1884 1447 in
1909 1427 1981 1458 pre-

341 1466 445 1496 sentia
470 1471 578 1497 nostra
602 1472 634 1498 et
658 1468 825 1498 consulum
851 1467 1009 1499 Cremone
1035 1469 1149 1505 iurent,
1174 1468 1258 1510 quod
1284 1469 1367 1498 inter
1383 1468 1531 1498 Ticinum
1556 1472 1587 1499 et
1606 1468 1756 1499 Adduam
1774 1479 1835 1500 non
1853 1468 1981 1500 habita-

340 1517 430 1556 bunt,
454 1529 513 1549 1100
538 1519 568 1549 111
594 1519 642 1549 1115
667 1520 849 1551 civitatibus
872 1525 903 1551 et
921 1521 1160 1562 episcopatibus
1179 1520 1369 1555 subnotatis,
1395 1520 1543 1551 videlieet
1561 1521 1780 1562 Pergamensi,
1805 1521 1976 1559 Brixiensi,

340 1569 529 1604 Mantuano,
559 1570 736 1607 Parmensi,
769 1571 973 1605 Placentino,
1006 1583 1063 1602 nec
1092 1573 1122 1602 111
1155 1573 1344 1614 episcopatu
1372 1572 1527 1603 Cremone
1559 1583 1618 1603 nec
1648 1573 1679 1603 in
1704 1576 1789 1604 terra
1813 1572 1981 1604 Cremensi

342 1631 480 1662 unquam
505 1622 705 1657 habitabunt,
730 1624 791 1654 nisi
816 1635 873 1665 per
897 1624 1082 1666 parabolam
1109 1628 1247 1654 nostram
1273 1624 1379 1655 datam
1404 1635 1444 1655 ex
1469 1625 1634 1655 voluntate
1660 1625 1827 1655 consulum
1847 1624 1980 1656 Cremo-

341 1674 498 1711 nensium,
534 1675 585 1715 (1111
624 1686 707 1705 nunc
737 1680 810 1706 sunt
843 1677 891 1706 vel
923 1676 1022 1706 futuri
1055 1680 1138 1707 sunt.
1174 1677 1218 1706 ita
1242 1676 1324 1717 quod
1350 1676 1432 1706 hane
1457 1676 1586 1717 publice
1611 1676 1642 1706 in
1668 1676 1815 1707 contione
1840 1687 1980 1718 pronun-

341 1725 436 1755 cient.
526 1726 571 1765 (9)
598 1726 701 1757 Villas
733 1731 839 1757 autem
872 1737 997 1758 omnes.
1033 1738 1112 1768 quas
1147 1727 1311 1758 habebant
1343 1727 1549 1760 CremenseS.
1587 1728 1617 1758 111
1648 1731 1757 1758 nostro
1788 1728 1978 1759 habebimus

341 1775 535 1807 dominicatu
561 1781 593 1807 et
616 1782 777 1819 potestate
802 1782 898 1820 atque
924 1779 1073 1816 dominio,
1103 1783 1241 1821 excepto
1267 1779 1401 1809 castello
1426 1783 1458 1809 et
1481 1779 1582 1820 burgo
1607 1778 1739 1817 Creme,
1765 1779 1849 1821 quod
1873 1783 1981 1810 nostra

342 1827 433 1858 vobis
459 1828 678 1860 munificentia
704 1830 920 1861 concedimus.
968 1830 1059 1866 Quod
1085 1832 1109 1861 si
1135 1832 1306 1872 episcopus
1327 1830 1484 1861 Cremone
1510 1834 1564 1861 aut
1589 1830 1668 1861 civis
1689 1831 1805 1872 aliquis
1824 1830 1982 1862 Cremone

342 1879 381 1909 (10
411 1880 519 1921 aliqua
548 1881 693 1912 villarum
722 1882 863 1923 ipsarum
894 1883 1093 1924 querimonia
1126 1883 1233 1916 habet,
1266 1893 1322 1913 nos
1355 1883 1383 1913 ei
1413 1882 1568 1913 iustitiam
1598 1893 1655 1924 pro
1685 1882 1793 1913 debito
1817 1883 1983 1914 faciemus.

342 1930 440 1961 Porro
466 1932 540 1963 ville
565 1943 676 1963 omnes
706 1934 759 1964 ille
785 1934 936 1964 iurabunt
961 1938 1046 1965 stare
1071 1934 1110 1964 ad
1144 1934 1329 1965 mandatum
1355 1938 1497 1964 nostrum
1522 1938 1577 1964 aut
1602 1934 1680 1964 certi
1705 1934 1805 1964 nostri
1830 1934 1919 1965 missi
1943 1933 1984 1964 ad

340 1982 400 2013 hoc
430 1983 592 2015 destinati.
643 1985 770 2016 Murum
803 1997 927 2027 quoque
962 1997 1020 2017 1100
1051 1986 1205 2017 fossatum
1240 1996 1297 2016 nee
1332 1986 1458 2016 fortiam
1494 1996 1598 2026 neque
1631 1986 1768 2027 burgum
1803 1996 1919 2016 novum
1952 1986 1983 2016 in

342 2037 408 2065 toto
434 2036 622 2078 episcopatu
648 2036 915 2068 Cremonensium
941 2038 1069 2068 facient.
1116 2038 1237 2068 Omnes
1262 2041 1368 2068 autem
1394 2037 1504 2068 villani
1530 2037 1744 2079 prenominati
1769 2038 1800 2067 in
1817 2037 1982 2080 presentia
2027 2052 2033 2062 1

342 2087 429 2117 missi
455 2088 552 2118 nostri
578 2092 609 2119 et
633 2089 802 2119 consulum
822 2089 1089 2120 Cremonensium
1113 2089 1274 2123 iurabunt,
1300 2089 1382 2131 quod
1409 2100 1563 2130 personas
1589 2094 1620 2120 et
1644 2100 1695 2120 res
1715 2089 1981 2120 Cremonensium

342 2149 399 2179 per
423 2142 523 2170 totam
549 2151 638 2170 suam
664 2144 781 2171 terram
807 2141 978 2172 salvabunt
1003 2145 1034 2172 et
1058 2152 1120 2172 non
1147 2145 1240 2172 erunt
1264 2141 1295 2171 in
1321 2141 1455 2171 consilio
1479 2141 1531 2172 vel
1556 2141 1652 2180 facto,
1683 2141 1767 2182 quod
1793 2140 1908 2172 Crema
1932 2141 1982 2171 vel

342 2190 471 2232 aliquod
496 2192 664 2222 castellum
690 2203 745 2223 seu
771 2192 866 2223 fortia
889 2193 970 2223 infra
994 2194 1147 2224 terminos
1171 2194 1201 2223 in
1220 2192 1485 2224 Cremonensium
1508 2193 1676 2234 privilegio
1694 2191 1881 2233 designatos
1899 2193 1982 2223 rele-

343 2246 435 2274 vetur
460 2247 513 2274 aut
537 2243 763 2274 rehedificetur
788 2244 837 2275 vel
867 2244 905 2275 de
934 2255 1016 2275 novo
1046 2249 1258 2275 construatur.
1316 2244 1348 2275 Si
1376 2243 1470 2286 [quis]
1497 2247 1604 2274 autem
1630 2244 1688 2274 hoc
1712 2243 1820 2274 facere
1844 2246 1982 2285 tempta-

343 2294 454 2327 veritk.
482 2294 564 2325 bona
588 2295 650 2325 fide
676 2295 825 2325 iurabunt
849 2295 1034 2327 defendere.
1124 2296 1191 2336 (io)
1217 2295 1309 2331 Quod
1334 2296 1359 2326 si
1384 2296 1497 2337 aliquis
1523 2296 1657 2326 militum
1680 2295 1902 2326 Cremensium
1925 2305 1983 2337 per

342 2347 527 2388 parabolam
559 2350 699 2377 nostram
730 2346 836 2377 datam
868 2350 902 2377 111
930 2358 1026 2389 supra
1051 2347 1208 2378 Cremone
1239 2348 1444 2385 habitaverit,
1477 2347 1516 2378 de
1541 2352 1627 2378 terra
1651 2347 1872 2378 Cremensium
1897 2347 1985 2377 nullo

342 2398 434 2429 modo
458 2409 491 2429 se
516 2398 718 2430 intromittet.
743 2409 802 2429 1100
828 2399 978 2429 consules
1003 2398 1034 2428 id
1060 2399 1127 2429 sine
1145 2402 1254 2429 nostra
1271 2399 1458 2440 permittent
1474 2399 1638 2440 parabola.
1729 2398 1795 2440 (11)
1821 2399 1985 2440 Imperiali

343 2460 469 2490 quoque
494 2450 736 2490 magnificentia
767 2454 876 2480 nostra
908 2451 1085 2487 sancimus,
1116 2461 1133 2480 a
1158 2450 1290 2491 prefatis
1315 2451 1442 2480 villanis
1475 2450 1587 2481 eadem
1612 2455 1817 2481 sacramenta
1841 2450 1985 2492 quolibet

343 2501 452 2542 quinto
477 2512 559 2531 anno
584 2502 741 2538 renovari,
767 2504 799 2531 et
824 2506 955 2532 econtra
980 2502 1125 2542 personis
1150 2512 1186 2532 ac
1211 2502 1305 2532 rebus
1331 2503 1471 2543 ipsorum
1495 2502 1684 2533 villanorum
1707 2512 1818 2544 pacem
1836 2502 1981 2532 firmissi-

343 2564 425 2583 mam
451 2563 508 2594 per
532 2553 679 2583 consules
705 2552 941 2583 Cremonenses
966 2554 997 2583 in
1022 2553 1152 2594 publica
1177 2554 1326 2584 contione
1352 2554 1464 2584 iurari:
1492 2558 1591 2595 utque
1616 2554 1763 2584 homines
1783 2553 1821 2584 de
1839 2553 1982 2584 Suneino

343 2609 375 2634 et
399 2604 438 2635 de
463 2604 673 2644 Pizeguitono
699 2608 730 2634 et
755 2603 794 2634 de
820 2604 937 2634 Sancto
964 2604 1121 2635 Bassiano
1146 2615 1182 2635 ac
1207 2604 1246 2635 de
1272 2605 1389 2636 ceteris
1413 2605 1523 2645 burgis
1546 2616 1582 2636 ac
1600 2606 1684 2636 villis
1704 2605 1982 2637 Cremonensium.

343 2666 404 2696 que
422 2656 527 2686 vicine
546 2659 629 2693 sunt,
648 2656 795 2685 similiter
811 2656 940 2691 faciant,
960 2656 1166 2697 imperatoria
1184 2657 1325 2686 iussione
1344 2660 1453 2687 nostra
1470 2656 1683 2687 decernimus.
1767 2657 1834 2697 (12)
1862 2656 1982 2686 Statui-

343 2710 411 2737 mus
441 2717 516 2747 ergo
546 2711 578 2737 et
608 2707 784 2748 imperialis
814 2710 920 2737 nostre
951 2708 1152 2738 auctoritatis
1184 2708 1424 2738 confirmatione
1455 2708 1659 2743 roboramus,
1692 2711 1850 2749 quatenus
1880 2707 1940 2738 hec
1966 2718 1985 2738 a

445 2809 510 2836 212.
537 2810 559 2841 s)
580 2811 729 2835 ‹lucetarum
748 2820 767 2835 c.
857 2812 881 2841 Β)
901 2811 1050 2835 investimus
1069 2819 1088 2835 c.
1183 2810 1207 2842 11)
1228 2811 1340 2836 cosolatu
1359 2820 1379 2835 e.
1467 2809 1485 2843 i)
1505 2811 1620 2836 emittent
1639 2821 1658 2837 c.
1746 2811 1773 2844 k)
1793 2811 1946 2837 teuntaverit
1965 2819 1984 2836 c.

2008 751 2031 769 10

2008 1014 2030 1032 15

2008 1530 2032 1549 25

2010 1780 2033 1797 30

2010 2308 2035 2326 40

2011 2566 2035 2585 45
