2205 3072
380 164 435 213 1932
746 180 925 206 FRIDERVICI
946 181 963 206 l.
985 180 1307 206 CONSTITUTIONES.
1342 180 1415 206 1152.
1448 179 1494 204 Nr.
1510 180 1566 205 137.
1585 180 1641 205 138.

375 268 607 309 multiplicibus
624 267 732 308 regiae
748 266 913 308 dignitatis
927 267 1135 305 ornamentis,
1154 267 1269 308 quibus
1287 267 1402 308 partim
1420 277 1478 308 per
1491 266 1644 296 laicorum
1657 265 1836 307 principum
1852 266 2016 307 obsequia,

374 321 487 361 partim
513 330 569 361 per
585 318 779 349 reverendas
798 319 982 360 pontificum
1002 319 1244 349 benedictiones
1263 318 1370 349 vestiti
1395 328 1515 353 summ,
1541 318 1664 358 regium
1683 317 1824 348 animum
1842 317 2016 353 induimus,

375 375 442 402 tota
466 372 582 401 inentis
607 371 723 401 virtute
749 370 962 409 intendentes,
987 374 1022 400 ut
1046 371 1135 400 iuxta
1152 370 1363 411 professionis
1382 373 1509 400 nostrae
1529 369 1710 407 formulam,
1736 379 1830 410 quam
1847 369 1887 399 ab
1904 369 2013 399 ortho-

374 423 466 454 doxis
496 422 679 464 presulibus
709 422 739 452 in
769 422 838 463 ipso
864 422 954 462 regni
979 422 1092 452 throno
1117 426 1148 452 et
1171 422 1322 452 unctione
1348 431 1440 452 sacra
1464 421 1657 462 accepimus,
1691 421 1843 451 honorem
1869 420 1957 451 vobis
1983 424 2015 451 et

374 474 590 512 dilectionem,
616 478 647 504 et
672 476 898 504 sacrosanctae
923 474 1015 503 matri
1041 476 1148 504 nostre
1173 473 1339 503 Romanae
1365 473 1545 503 aecclesiae
1569 476 1600 503 et
1617 472 1763 503 omnibus
1781 472 2013 503 ecclesiasticis

376 526 522 567 personis
548 528 726 567 promptam
753 528 784 555 et
809 525 948 555 debitam
974 525 1132 555 iusticiam
1159 535 1195 555 ac
1217 524 1436 555 defensionem
1455 524 1677 561 exhibeman
1702 523 1806 554 viduis
1830 534 1867 554 ac
1884 523 2016 565 pupillis

379 581 411 608 et
436 578 586 607 universo
617 577 733 618 populo
762 577 854 607 uobis
887 577 1056 607 commisso
1088 577 1192 617 legem
1218 580 1250 607 et
1274 587 1386 617 pacem
1412 576 1565 606 faciamus
1591 579 1622 606 et
1646 586 1885 606 conservemus.
1933 574 2014 606 Cum

376 630 460 659 enim
486 629 547 659 duo
572 629 646 662 sint‚
672 628 785 669 quibus
809 629 1029 670 principaliter
1053 628 1103 658 hic
1130 628 1266 658 mundus
1284 628 1415 668 regitur.
1442 627 1591 658 videlicet
1608 628 1783 658 auctoritas
1801 638 1893 659 sacra
1910 627 2015 669 ponti-

374 681 466 711 ficum
496 684 527 711 et
558 681 675 721 regalis
704 683 857 721 potestas,
890 680 1031 710 omnium
1057 679 1174 710 Christi
1206 680 1411 710 sacerdotum
1443 679 1668 710 oboedientiae
1697 678 1805 710 devoti
1830 679 1915 709 colla
1938 678 2013 709 sub-

375 733 502 763 mittere
529 732 631 773 parati
656 743 775 770 sumuS,
800 736 834 762 ut
858 732 995 773 propitia
1022 731 1198 771 divinitate,
1223 731 1422 772 temporibus
1447 732 1546 762 nostri
1568 731 1767 772 principatus
1794 730 1926 762 verbum
1951 729 2014 761 Dei

374 784 526 825 expedite
558 794 685 814 currere
711 794 773 814 nou
802 783 1010 824 prohibeatur
1040 786 1071 814 et
1094 786 1245 824 paternas
1271 783 1399 824 regulas
1425 794 1461 813 ac
1486 783 1619 814 decreta
1643 782 1854 813 sanctissimis
1878 781 2016 812 diffinita

375 835 516 865 conciliis
551 835 658 865 nullus
689 835 806 866 audeat
837 835 957 876 absque
993 845 1096 876 penae
1126 835 1281 875 gravioris
1318 834 1459 865 vindicta
1494 834 1624 872 violare,
1655 834 1805 875 quatinus
1833 845 1890 876 per
1920 833 2015 864 studii

374 887 475 917 nostri
512 887 696 917 instantiam
733 886 889 917 catholica
920 886 1059 917 eeclesia
1093 897 1170 917 suae
1206 886 1372 927 dignitatis
1404 886 1580 927 privilegiis
1611 885 1783 917 decoretur
1815 890 1847 917 et
1878 885 2014 916 Romani

373 938 498 980 imperii
527 938 684 969 celsitudo
717 939 748 968 in
781 938 948 980 pristinum
978 948 1055 969 suae
1081 938 1295 968 excellentiae
1320 938 1416 968 robur
1440 937 1511 969 Deo
1535 938 1708 969 adiuvante
1733 937 1933 968 reformetur.
1972 936 2015 967 Et

375 990 524 1031 quoniam
554 990 763 1020 beatitudinis
793 994 921 1021 vestrae
954 990 1094 1020 animum
1128 989 1166 1020 de
1199 990 1287 1021 obitu
1317 989 1452 1032 predicti
1486 990 1684 1020 serenissimi
1714 989 1865 1031 principis
1896 989 2013 1020 seimus

374 1052 438 1072 non
462 1042 621 1072 immerito
640 1042 874 1083 perturbatum,
900 1042 991 1072 vobis
1009 1046 1171 1083 tamquam
1190 1043 1270 1083 patri
1289 1042 1459 1073 karissimo
1477 1045 1662 1072 constanter
1679 1041 1906 1083 promittimus,
1931 1040 2016 1082 quod

375 1094 455 1124 sicut
480 1094 584 1125 eidem
609 1094 749 1134 glorioso
775 1093 935 1135 quondam
964 1094 1033 1134 regi
1058 1094 1089 1123 in
1114 1094 1204 1134 regni
1231 1094 1308 1124 solio
1335 1094 1559 1131 successinms,
1589 1094 1634 1124 ita
1664 1092 1891 1124 hereditariam
1916 1092 2016 1123 dilec-

374 1146 491 1176 tionem
526 1149 591 1176 tam
628 1145 667 1175 ad
702 1149 840 1176 vestram
873 1156 1045 1186 personam
1078 1146 1207 1175 omnino
1238 1145 1411 1186 specialem
1445 1155 1540 1186 quam
1577 1144 1616 1175 ad
1647 1147 1873 1175 sacrosanctae
1904 1143 2015 1174 matris

376 1200 502 1229 nostrae
527 1197 693 1227 Romanae
719 1197 897 1228 aecclesiae
927 1197 1198 1238 promptissimam
1224 1208 1260 1227 ae
1286 1197 1530 1227 devotissimam
1556 1197 1778 1228 defensionem
1804 1196 2015 1238 suscepimus,

374 1248 433 1279 hae
458 1248 581 1279 scilieet
606 1248 724 1279 ordinis
750 1249 884 1281 ratione,
909 1252 943 1278 ut
968 1259 1187 1289 quaecumque
1205 1247 1244 1278 ad
1262 1248 1486 1279 liberationem
1505 1251 1536 1278 et
1554 1248 1799 1279 honorationem
1816 1248 2013 1290 apostolicae
2042 1260 2053 1277 ι»

374 1299 458 1330 sedis
483 1300 666 1331 intenderat
692 1303 723 1330 et
747 1300 960 1334 ordinaverat,
986 1311 1042 1330 nos
1067 1304 1251 1330 constanter
1273 1300 1428 1341 perficere
1448 1300 1646 1336 studeamus,
1670 1301 1714 1331 ita
1730 1304 1765 1331 ut
1782 1301 1873 1331 iuxta
1889 1301 2015 1331 felicem

374 1351 414 1382 ad
451 1355 596 1382 sanctum
626 1353 727 1382 virum
766 1352 894 1382 Domini
930 1352 1183 1393 promissionem,
1219 1352 1355 1382 inimicis
1387 1352 1501 1382 vestris
1533 1352 1650 1382 inimici
1681 1352 1778 1383 simus
1807 1355 1839 1382 et
1871 1352 2016 1383 odientes

374 1415 431 1434 vos
456 1404 669 1444 affliga1m1s1.
717 1404 801 1434 Sanc
831 1404 1072 1445 prenominatos
1103 1404 1228 1445 legatos
1254 1408 1379 1434 nostros
1405 1403 1597 1444 benignitati
1622 1406 1748 1434 vestrae
1780 1407 1902 1435 attente
1928 1414 2015 1434 com-

374 1455 536 1492 mittimus,
563 1459 597 1485 ut
622 1466 676 1486 cos
701 1467 758 1497 pro
783 1459 909 1486 nostrae
934 1455 1115 1486 dilectionis
1141 1456 1255 1486 intuitu
1282 1455 1419 1496 benigne
1445 1456 1588 1486 tractetis
1614 1458 1646 1485 et
1670 1456 1701 1485 in
1726 1455 1792 1486 suis
1809 1454 2016 1496 petitionibus

373 1508 551 1538 clementer
575 1507 768 1545 exaudiatis,
794 1507 905 1537 intime
931 1507 1027 1538 etiam
1052 1511 1213 1548 rogantes,
1238 1512 1272 1537 ut
1290 1507 1454 1538 dominum
1474 1507 1625 1538 abbatem
1643 1506 1682 1538 de
1700 1506 1816 1546 Evera⁷
1842 1507 1933 1538 nobis
1951 1510 2015 1537 tam
2042 1524 2053 1540 2·

373 1559 403 1588 in
429 1558 543 1589 divinis
568 1569 662 1599 quam
689 1558 718 1588 in
746 1558 893 1589 humanis
919 1559 1015 1589 rebus
1042 1559 1271 1590 necessarium.
1296 1559 1434 1589 liberum
1459 1558 1550 1589 nobis
1576 1558 1757 1589 remittatis.

764 1712 838 1744 138.
871 1713 1096 1745 EPISTOLA
1128 1713 1342 1746 WIBALDI
1360 1713 1425 1744 AD
1455 1713 1628 1744 PAPAM.

475 1773 652 1812 Epistulam
673 1774 891 1813 firmissimum
914 1775 1046 1814 adlzmgli
1069 1775 1158 1805 liccat
1181 1785 1219 1805 er
1241 1774 1373 1805 editione
1396 1773 1489 1811 Iafflfi
1512 1774 1539 1811 I,
1558 1784 1591 1812 μ
1609 1775 1671 1803 503
1694 1783 1741 1803 nr.
1758 1775 1829 1804 375.

1741 1824 1792 1865 (P.
1810 1825 1914 1862 (locst.)

476 1903 669 1934 Reverendo
703 1904 785 1945 patri
817 1914 874 1934 suo
904 1907 936 1934 ct
965 1903 1091 1934 domino
1116 1903 1291 1944 E(ugenio)
1316 1903 1423 1934 divina
1448 1903 1550 1944 gratia
1574 1903 1629 1933 uni
1655 1906 1687 1933 et
1711 1903 1885 1934 universali
1911 1912 2014 1943 papae

375 1957 472 1986 frater
501 1956 554 1986 ille
586 1956 724 1988 vester2.
756 1955 818 1987 Dei
848 1959 880 1986 ct
910 1958 1018 1986 vestra
1047 1955 1150 1997 gratia
1179 1955 1208 1986 id
1239 1955 1322 1997 quod
1347 1955 1450 1986 estin
1476 1954 1637 1985 aecclesia
1661 1954 1827 1993 catholiea,
1854 1963 1887 1984 se
1911 1954 2016 1995 ipsum

375 2008 405 2038 in
430 2007 492 2038 fide
519 2011 550 2038 et
574 2008 720 2038 veritate.

476 2059 572 2095 Ecce,
598 2058 779 2090 venerande
804 2061 907 2100 pater,
932 2058 1016 2100 quod
1042 2059 1179 2089 verebar
1203 2058 1326 2089 accidit.
1372 2058 1414 2089 Et
1438 2058 1477 2089 ob
1503 2058 1563 2089 hoc
1588 2059 1679 2099 quasi
1704 2058 1810 2088 divino
1835 2061 1866 2088 et
1890 2056 2015 2099 prescio

374 2111 497 2152 spiritu,
523 2121 594 2141 cum
618 2121 722 2141 essem
747 2110 831 2152 apud
855 2121 921 2142 vos.
946 2121 1007 2141 non
1032 2110 1229 2141 dissimulavi
1256 2121 1360 2151 neque
1386 2110 1468 2142 silui,
1499 2120 1677 2151 suggerens
1702 2112 1734 2141 et
1758 2113 1956 2146 contestans,
1980 2111 2015 2139 ut

375 2172 486 2204 pacem
513 2162 620 2203 populi
645 2162 792 2199 Romani7
822 2162 848 2192 si
873 2162 1007 2192 honesta
1032 2165 1064 2192 et
1088 2166 1156 2192 tuta
1181 2173 1253 2193 esse
1278 2165 1398 2203 posset,
1425 2162 1493 2193 sine
1519 2161 1672 2192 dilatione
1697 2161 1896 2203 reciperetis.
1942 2159 2014 2190 Etsi

375 2214 458 2244 enim
490 2225 598 2245 casum
628 2214 724 2247 hunc.
755 2214 793 2245 de
825 2224 885 2255 quo
916 2225 979 2244 non
1009 2214 1155 2244 inmerito
1181 2214 1341 2250 dolemus,
1373 2214 1504 2244 minime
1537 2213 1844 2255 pl·csentiebamus².
1879 2212 2015 2254 quadam

376 2270 479 2296 tamen
502 2266 712 2307 presensione
738 2266 917 2296 futurorum
947 2266 1156 2306 angebamur,
1186 2277 1225 2296 ne
1258 2266 1340 2296 forte
1367 2276 1440 2307 spes
1468 2268 1589 2300 vestra,
1623 2275 1719 2306 quam
1743 2264 1782 2295 de
1808 2264 2015 2306 expeditione

374 2318 479 2348 futura
512 2318 746 2358 conceperatis,
780 2318 886 2358 aliquo
917 2328 1021 2348 rerum
1054 2322 1172 2348 eventu
1205 2318 1380 2348 vacillaret.
1435 2317 1537 2348 Multa
1570 2317 1671 2349 enim,
1703 2327 1785 2358 quae
1816 2316 1954 2357 legimus
1985 2318 2016 2346 et

375 2369 556 2400 audivimus
581 2373 612 2399 ct
637 2369 793 2399 vidimusb
818 2370 900 2399 inter
924 2368 1119 2399 reverendos
1144 2369 1241 2399 Urbis
1266 2369 1435 2410 pontifices
1459 2371 1491 2399 et
1517 2369 1729 2409 imperatores
1754 2368 1840 2399 facta
1866 2370 1897 2398 et
1921 2367 2016 2399 dicta.

377 2431 438 2451 non
464 2420 606 2451 indebita
630 2431 687 2450 nos
712 2420 925 2451 sollicitudine
950 2420 1125 2451 terrebant.

478 2471 520 2502 Et
543 2472 617 2502 licet
641 2471 780 2502 discreta
805 2472 941 2503 eruditio
968 2475 1074 2503 vestra
1098 2471 1136 2503 de
1162 2472 1247 2502 omni
1266 2475 1351 2502 statu
1368 2471 1558 2502 Theotoniei
1578 2472 1669 2512 regni
1687 2471 1814 2512 plenius
1832 2471 1863 2501 in
1881 2480 2014 2511 presen-

377 2523 491 2553 tiarum
517 2522 672 2554 doceatur
701 2528 767 2554 tum
796 2534 853 2564 per
880 2523 989 2554 literas
1015 2523 1146 2564 gloriosi
1171 2524 1226 2554 filii
1257 2523 1355 2554 vestri
1384 2528 1416 2554 et
1440 2523 1559 2554 domini
1584 2523 1682 2554 nostri
1709 2522 1871 2553 Frederici
1896 2521 2015 2552 Roma-

377 2586 488 2606 norum
507 2576 592 2616 regis
610 2575 811 2606 invictissimi
830 2579 895 2606 tum
914 2575 1011 2606 etiam
1030 2586 1086 2616 per
1105 2575 1223 2617 scripta
1240 2575 1428 2606 devotorum
1446 2575 1583 2606 filiorum
1602 2578 1791 2611 vestrorum,
1816 2573 2015 2615 quorundam

378 2626 529 2657 videlicet
553 2628 787 2669 episcoporum,
812 2631 919 2658 tamen
944 2627 1072 2658 devotio
1097 2631 1203 2657 nostra
1228 2627 1313 2657 circa
1336 2638 1392 2657 vos
1415 2631 1446 2657 et
1464 2630 1704 2657 sacrosanctam
1721 2629 1855 2656 matrem
1872 2629 2014 2656 nostram

482 2721 542 2747 138.
570 2726 592 2747 ³!
612 2723 831 2754 persentiebanms
849 2722 886 2746 ed.
977 2720 1001 2752 ¹¹)
1021 2722 1156 2746 vidivimus
1175 2723 1229 2746 cml.

483 2808 505 2833 ll
527 2807 566 2837 Cl‘-
588 2806 700 2831 latumias
719 2810 756 2839 23,
771 2811 809 2832 22.
846 2806 941 2831 I'salm.
961 2811 1001 2838 56,
1014 2811 1052 2832 34.
1149 2808 1175 2839 2)
1197 2807 1272 2832 Curet
1292 2807 1374 2839 ιῃίίιιν
1391 2806 1453 2832 hacc
1472 2806 1580 2839 epistola
1600 2806 1705 2833 ιιυηιίιιε
1724 2806 1863 2833 scribentis.
1893 2806 1941 2832 [A.

2044 737 2067 754 lo

2044 998 2065 1016 15

2043 1913 2067 1931 :50

2043 2426 2068 2444 40

2041 2721 2066 2739 45
