2205 3072
280 1501 333 1524 Aug.
347 1504 366 1520 ἱ).

374 158 433 202 274'
781 171 959 197 mineum
982 171 998 196 1.
1019 171 1343 198 eoNs'rrrU'rnmles.
1385 173 1456 197 nm).
1491 171 1536 196 111.
1554 172 1609 197 11115.

375 258 450 288 (lere
483 258 708 288 incunctanter
737 258 835 295 scias,
870 258 943 298 quia
973 258 1068 288 finem
1102 259 1159 289 toti
1191 259 1327 299 negocio
1361 262 1469 288 nostro
1500 269 1570 288 cum
1598 258 1730 288 victoria
1764 258 1854 289 brevi
1879 262 1914 288 ut
1937 258 2021 289 arbi-

375 314 496 341 tramur
519 309 581 340 Dei
607 313 685 340 nutu
710 310 924 351 imponemus.
972 310 1006 340 Si
1031 310 1103 351 quis
1127 314 1234 340 autem
1260 321 1294 340 se
1320 320 1403 340 nunc
1428 310 1580 351 temporis
1599 310 1794 351 aliquatinus
1815 309 2023 345 subtraxerit,

376 361 459 392 hune
485 372 543 391 nee
568 361 658 391 nobis
682 372 740 392 nec
766 361 901 403 imperio
927 365 1035 391 nostro
1060 361 1189 392 fidelem
1215 372 1287 392 esse
1313 371 1493 393 censemus.

556 506 630 538 196.
662 506 943 538 MANDATL'M
963 507 1302 538 PATRLIRCHAE
1322 506 1634 546 AQUILEIEMS'I
1660 506 1848 539 MISSUM.

478 567 597 598 Dolum
625 570 669 597 esst
694 569 765 606 post
791 567 945 605 proelium
975 567 1061 606 apud
1089 568 1265 599 Garamam
1294 568 1411 606 suctum
1441 567 1537 606 (Au-q.
1561 568 1595 606 9)
1623 569 1650 597 el
1680 569 1781 598 1113(αέ
1811 568 1845 598 iu
1873 567 2025 598 codicibus

378 619 484 649 iisdem
508 621 541 649 val
564 630 662 658 snpra
691 620 718 659 l)
741 619 795 657 sul.
814 620 872 653 42,-
898 621 929 655 2)
945 620 998 658 sel.
1018 621 1088 650 438.
1136 619 1188 650 Es
1206 621 1224 649 1
1248 619 1331 649 dedit
1350 618 1527 658 Tenyvzayrl
1548 620 1659 657 21.3.04
1685 629 1732 649 ην.
1748 621 1798 650 41.
1824 637 1861 641 -
1888 618 2025 660 Slumpf.

380 671 454 711 Rea.
472 673 566 702 3397.
1766 670 1817 709 (P.
1836 672 1921 711 1:29.)

482 765 685 796 Fridericus³
708 765 770 796 Dei
796 766 900 806 gratia
917 765 1136 796 Romanorum
1163 766 1336 807 imperator
1362 770 1393 797 et
1418 776 1546 807 semper
1571 768 1729 806 augustus
1749 765 1866 797 dilecto
1889 769 1921 796 et
1938 766 2025 797 fideli

379 829 434 848 suo
458 818 662 858 P(eregrino)
689 818 864 848 venerabili
890 818 1111 859 Aquileiensib
1137 818 1341 859 patriarchae
1366 818 1501 859 gratiam
1527 828 1616 848 suam
1643 822 1675 848 et
1698 828 1790 848 omne
1817 818 1942 848 bonum.

481 869 621 900 Litteras
647 880 665 899 a
688 872 743 899 tua
767 869 940 900 dilectione
966 870 1056 900 nobis
1082 870 1286 900 transmissas
1312 881 1349 900 ca
1374 881 1436 911 qua
1461 869 1569 900 decuit
1588 870 1787 910 benignitate
1810 870 2022 911 suscepimus,

378 932 511 961 quarum
541 925 651 951 tenore
683 920 876 961 diligencius
907 921 1069 962 inspecte,
1105 926 1157 952 tue
1188 921 1372 952 devocionis
1402 922 1563 953 desiderio
1594 922 1846 958 satisfacientes,
1877 921 1917 953 de
1942 925 2027 952 statu

379 977 485 1003 nostro
510 973 566 1003 tibi
593 972 797 1003 rescribimus
823 977 854 1003 et
879 977 1007 1006 eventu,
1034 978 1067 1003 ut
1093 974 1117 1003 si
1142 974 1221 1004 forte
1247 974 1350 1008 aliter,
1376 985 1472 1015 quam
1497 985 1548 1004 res
1574 973 1738 1009 acciderit,
1763 973 1848 1015 apud
1873 977 1905 1004 te
1923 973 2026 1004 divul-

380 1028 490 1065 gatum
516 1024 584 1060 fuit,
612 1024 782 1055 veritatem
808 1028 840 1054 tu
866 1025 934 1065 ipse
961 1036 1137 1065 cognoscas
1163 1030 1194 1056 et
1220 1026 1351 1056 referas.
1399 1026 1518 1056 Sumus
1544 1025 1652 1067 itaque
1678 1036 1736 1067 per
1760 1026 1898 1066 gratiam
1916 1025 1977 1055 Dei
1996 1026 2026 1056 in

379 1076 461 1106 bono
500 1079 596 1109 statu,
634 1076 708 1117 quia
742 1076 829 1106 salus
869 1080 900 1107 et
929 1077 993 1107 vita
1024 1080 1056 1107 et
1079 1077 1277 1118 prosperitas
1308 1088 1365 1107 nos
1391 1081 1422 1108 et
1447 1081 1559 1108 nostra
1583 1088 1653 1108 cum
1679 1077 1797 1118 gaudio
1822 1077 2026 1108 comitantur.

381 1128 464 1162 Quia
489 1138 564 1158 vero
591 1128 765 1158 seeundum
792 1129 913 1158 varium
940 1132 1090 1159 eventum
1117 1129 1192 1158 belli
1219 1129 1333 1159 diversi
1360 1129 1487 1160 diversa
1506 1129 1658 1165 referunt,
1686 1129 1767 1160 lianc
1786 1129 1955 1159 veritatem
1981 1129 2026 1159 rei

379 1179 418 1210 dc
448 1180 538 1210 nobis
568 1180 724 1221 accipias:
759 1180 853 1215 Quod
879 1180 1138 1211 Mediolanenses
1170 1184 1310 1211 castrum
1342 1181 1499 1222 quoddam
1532 1181 1659 1211 nomine
1686 1181 1902 1215 Carkanum0,
1932 1181 2027 1211 situm

379 1232 470 1262 iuxta
502 1232 631 1267 Cumas,
663 1243 734 1262 cum
765 1243 823 1262 sua
853 1232 1041 1262 fortitudine
1071 1233 1299 1267 obsederuutd,
1332 1238 1364 1264 et
1393 1244 1449 1263 nos
1484 1233 1597 1264 fideles
1629 1236 1755 1263 nostros
1785 1233 1837 1274 qui
1868 1233 1899 1263 in
1925 1236 2028 1263 castro

380 1287 471 1314 crant
495 1284 633 1314 liberare
652 1284 807 1318 volentes,
833 1288 1030 1325 congregata
1049 1285 1253 1315 multitudine
1271 1285 1558 1326 Longobardorum
1577 1285 1712 1323 infinita,
1737 1284 1776 1315 ad
1795 1285 1899 1315 locum
1918 1296 2027 1316 acces-

381 1336 480 1366 simus
511 1346 630 1376 cosque
659 1336 713 1376 (1111
742 1340 869 1366 nostros
899 1336 1094 1367 obsederant
1123 1348 1163 1366 ex
1195 1337 1280 1367 omni
1305 1337 1407 1367 latere
1432 1336 1632 1371 obsedimus,
1662 1337 1706 1367 ita
1738 1336 1820 1378 quod
1845 1337 2029 1368 nullatenus

382 1398 494 1417 manus
532 1391 657 1417 nostras
694 1387 831 1418 evadere
864 1392 1027 1429 poterant,
1058 1389 1118 1418 nisi
1149 1391 1229 1419 forte
1264 1400 1306 1420 ex
1336 1389 1569 1430 desperacione
1601 1388 1651 1419 vel
1680 1399 1719 1419 ex
1745 1388 1887 1429 periculo
1917 1390 2029 1420 mortis
2057 1395 2067 1412 '-'

382 1451 439 1481 per
473 1450 530 1469 nos
560 1444 592 1470 ct
623 1451 679 1480 per
707 1439 846 1470 medium
878 1441 1056 1470 exercitum
1093 1446 1234 1471 nostrum
1273 1442 1427 1482 impetum
1460 1441 1605 1471 facerent
1636 1443 1668 1471 et
1697 1441 1835 1471 transire
1866 1441 2029 1481 fugientes

384 1495 588 1532 temptarent.
636 1491 728 1527 Quod
762 1496 794 1522 et
825 1492 868 1522 ita
897 1493 1039 1531 contigit.
1087 1492 1182 1523 Mane
1214 1494 1299 1523 enim
1330 1494 1360 1523 in
1393 1493 1505 1533 vigilia
1529 1493 1615 1523 beati
1641 1492 1805 1523 Laurentii
1833 1493 1891 1534 ipsi
1917 1493 2031 1524 armati

384 1555 440 1585 per
469 1543 592 1574 medios
624 1548 750 1574 nostros
776 1544 958 1585 irruperunt
990 1548 1021 1574 et
1050 1544 1205 1585 quasdam
1236 1545 1323 1575 acies
1349 1550 1531 1575 nostrorum
1556 1544 1845 1585 Longobardorum
1871 1545 2030 1576 violenter

384 1599 644 1637 penetraverunt.
684 1595 806 1630 Quibus
825 1606 882 1625 nos
901 1607 971 1626 cum
990 1596 1177 1627 'l'eutonieis
1196 1598 1313 1627 nostris
1332 1597 1478 1638 quamvis
1497 1597 1619 1638 paucis,
1644 1596 1803 1626 adiunctis
1821 1600 1852 1627 ct
1869 1597 2030 1638 aliquibus

2053 879 2075 896 1⁰

2056 1136 2077 1153 15

384 1647 615 1688 Longobardis.
642 1647 814 1678 audacterss
839 1652 871 1678 et
889 1648 1019 1678 viriliter
1042 1649 1230 1679 resistentes
1250 1649 1376 1679 obviam
1395 1649 1552 1683 venimus,
1578 1648 1702 1689 ibiquef
1725 1659 1765 1678 ex
1783 1652 1918 1689 utraque
1937 1653 2028 1690 parte
2057 1657 2080 1675 25·

382 1699 471 1729 multi
497 1703 686 1730 corruentes
711 1700 913 1730 interierunt.
960 1699 1114 1730 Preterea
1141 1701 1294 1731 vexillum
1321 1711 1442 1733 eorum,
1469 1700 1551 1741 quod
1579 1701 1608 1730 in
1636 1711 1729 1730 curru
1755 1700 1896 1741 superbe
1917 1711 2031 1731 crexe-

381 1756 464 1785 rant,
496 1752 526 1781 in
556 1752 657 1782 lutum
687 1751 865 1782 deiecimus
897 1756 928 1782 ct
952 1751 1184 1783 destruximus.
1217 1753 1325 1793 ibique
1354 1753 1523 1793 plusquam
1552 1752 1649 1783 XXX
1675 1762 1785 1783 00111111
1812 1752 1947 1787 milites,
1978 1753 2030 1793 qui

384 1803 424 1833 ad
449 1803 628 1834 custodiam
655 1804 752 1833 solius
777 1803 887 1834 vexilli
913 1804 1039 1834 fuerant
1064 1804 1218 1845 deputati,
1245 1805 1477 1839 trum-avimus,
1503 1804 1653 1845 ipsosque
1679 1814 1736 1845 per
1751 1803 1813 1834 Dei
1839 1803 2031 1834 adiutorium

382 1855 501 1885 viribus
536 1855 651 1885 nostris
680 1855 710 1884 in
742 1855 848 1895 fugam
879 1856 1096 1886 convertimus
1122 1860 1153 1885 ct
1177 1855 1214 1886 ad
1241 1860 1347 1886 castra
1371 1866 1429 1887 sua
1454 1859 1539 1886 retro
1564 1856 1680 1886 cedere
1706 1856 1917 1897 compulimus
1942 1866 2029 1886 cam-

382 1917 521 1947 pumque
548 1916 618 1936 eum
642 1906 763 1936 honore
782 1910 814 1936 et
832 1907 964 1937 victoria
982 1908 1181 1937 retinuimus.
1222 1907 1378 1942 Quamvis
1397 1907 1603 1947 Longobardi
1621 1907 1874 1938 innumerabiles
1892 1918 1910 1938 a
1928 1907 2029 1938 latere

382 1963 489 1989 nostro
514 1969 572 1999 per
596 1959 704 1999 fugam
730 1959 950 1995 recessissent,
982 1960 1129 2000 quamvis
1156 1960 1257 1989 ceiam
1284 1960 1462 1990 interfectis
1487 1959 1648 2000 aliquibus
1673 1959 1712 1989 de
1738 1959 1854 1989 nostris
1879 1970 2030 2000 inagnum

382 2010 555 2051 dampnum
588 2010 840 2051 recepissemus,
874 2011 917 2040 illi
948 2012 1094 2051 profecto
1126 2014 1172 2041 tot
1202 2016 1233 2041 et
1264 2015 1353 2041 tanta
1384 2011 1522 2053 dampna
1554 2021 1683 2041 suorum
1709 2014 1914 2052 acceperunt,
1946 2011 2030 2052 quod

381 2073 439 2093 nos
464 2062 603 2103 dampna
628 2066 751 2094 nostra.
782 2066 931 2103 respectu
961 2063 1102 2099 illorum,
1133 2063 1219 2093 nulla
1246 2064 1478 2104 reputavimus.
1526 2063 1605 2093 Cum
1631 2063 1715 2093 0111111
1741 2073 1874 2104 corpora
1899 2073 2029 2093 suorum

381 2115 559 2144 occisorum
585 2114 643 2155 ipsi
669 2114 905 2155 recolligerent,
937 2114 1060 2145 LXXV
1086 2125 1197 2144 currus
1223 2114 1261 2144 ad
1294 2115 1457 2145 civitatem
1485 2114 1775 2145 Mediolanensium
1806 2114 2030 2153 transferrent,

381 2177 443 2196 11011
469 2166 527 2196 fuit
552 2176 662 2195 currus
687 2166 802 2206 aliquis
833 2166 862 2195 in
889 2176 949 2206 quo
974 2169 1038 2196 tres
1064 2166 1114 2196 vel
1140 2165 1208 2196 IIII
1234 2166 1347 2196 mortui
1374 2177 1436 2196 non
1462 2166 1614 2196 iacerent.
1663 2166 1716 2196 Sic
1741 2166 1886 2197 hostibus
1911 2166 2029 2206 fugatis

382 2229 438 2248 1105
464 2217 503 2248 ad
529 2218 706 2248 Cumanam
739 2217 903 2247 civitatem
933 2228 1003 2247 cum
1036 2217 1143 2247 inultis
1173 2219 1308 2258 captivis
1342 2219 1463 2249 reversi
1496 2229 1616 2249 sumus.
1672 2218 1732 2254 Qui
1757 2218 1851 2248 aliter
1874 2217 1913 2249 de
1939 2217 2031 2248 nobis

384 2270 582 2311 praedicant,
609 2269 692 2299 scias
718 2279 778 2298 non
806 2279 877 2299 esse
903 2269 1066 2309 euangelii
1092 2269 1174 2309 quod
1199 2270 1454 2310 euangelizatur.

485 2320 673 2360 Quicunque
699 2321 800 2350 eciam
820 2325 936 2351 statum
957 2321 1207 2352 reverentissimi
1229 2332 1332 2363 papae
1352 2322 1491 2352 Victoris
1510 2322 1657 2352 minorari
1676 2325 1707 2352 et
1724 2322 1884 2352 attenuari
1902 2322 2028 2363 praedi-

383 2377 465 2407 cant,
492 2373 575 2402 scias
594 2373 723 2402 omnino
742 2372 857 2403 falsum
877 2384 959 2405 esse.
983 2374 1059 2414 quia
1075 2374 1135 2403 iam
1155 2374 1255 2403 multa
1273 2384 1382 2414 regna,
1408 2374 1606 2415 Hyspaniae,
1633 2373 1787 2414 Ungarie,
1813 2373 1925 2407 Dacie,
1944 2373 2027 2405 Boc-

382 2425 454 2461 mie,
491 2435 597 2454 comes
635 2435 759 2465 quoque
795 2424 1064 2455 Barzelonensisss'
1095 2429 1126 2454 ct
1164 2435 1272 2455 eomes
1311 2424 1417 2455 Sancti
1451 2425 1556 2466 Egidii
1590 2436 1661 2455 cum
1695 2429 1762 2456 tota.
1796 2425 1966 2456 Provincia
1997 2428 2028 2455 et

382 2476 572 2517 Burgundia
598 2476 625 2506 ci
651 2476 815 2509 obediunt,
849 2481 879 2506 et
912 2476 950 2506 de
975 2476 1025 2506 dic
1052 2477 1081 2506 in
1108 2476 1189 2506 diem
1217 2476 1368 2506 dilatatur
1392 2482 1423 2507 et
1448 2478 1574 2508 crescit.
1623 2476 1711 2507 Scire
1737 2480 1909 2518 praeterea
1933 2476 2031 2507 debet

383 2532 437 2557 tua
470 2527 616 2560 dilectio,
648 2528 731 2568 quod
762 2538 872 2558 omnes
904 2528 1065 2569 principes
1092 2528 1283 2558 Alemannie
1318 2528 1563 2569 expedicionem
1589 2532 1730 2559 nostram
1755 2529 1973 2569 promiserunt
1998 2531 2030 2559 et

382 2579 568 2609 iuraverunt
593 2590 786 2620 omnemque
811 2584 956 2609 ornatum
982 2579 1152 2619 grisiorum
1179 2583 1211 2609 et
1236 2581 1393 2610 variorum
1420 2581 1580 2611 communi
1607 2580 1741 2610 consilio
1766 2583 2028 2621 postposuerunt,

383 2631 457 2661 solis
490 2631 618 2661 cibariis
651 2634 682 2661 ct
714 2631 810 2661 armis
844 2631 873 2661 in
903 2631 971 2671 ipsa
1000 2630 1211 2671 expedicione
1246 2631 1417 2661 contentih.
1471 2631 1564 2662 Unde
1597 2632 1671 2672 quia
1702 2632 1784 2661 sicut
1809 2640 1950 2672 persona
1973 2634 2028 2661 tua

486 2725 548 2751 19⁴5.
573 2727 596 2750 a]
618 2727 644 2750 1³.
661 2726 686 2755 1:
713 2727 806 2751 Frider.
827 2725 848 2750 2.
942 2725 966 2755 b)
986 2725 1029 2756 affl
1046 2725 1071 2755 13
1092 2724 1173 2757 Aqui}
1191 2724 1214 2749 ζ).
1305 2725 1326 2757 ⁰)
1346 2727 1489 2751 Sarkauuru
1509 2726 1532 2751 2.
1622 2725 1646 2758 d)
1664 2727 1691 2750 in.
1709 2727 1824 2758 margine
1842 2727 1985 2758 suppletum
2005 2725 2027 2750 l.

383 2770 403 2791 ‘l
425 2770 546 2793 audacter
565 2769 601 2792 bis
622 2769 643 2793 1.
732 2768 755 2794 s)
776 2770 810 2793 sic
830 2770 960 2801 Zeycndum
982 2770 1079 2793 ridetur
1099 2770 1123 2793 in
1145 2769 1166 2797 1,
1187 2769 1228 2793 1th
1246 2770 1375 2800 scriptura.
1393 2771 1448 2799 fere
1467 2770 1582 2801 01·αιιιιίἰ;
1600 2770 1645 2794 ubi
1664 2778 1724 2802 ergo
1744 2769 1767 2794 2.
1845 2770 1870 2799 E)
1891 2769 1984 2794 barzol'
2002 2769 2029 2800 1;

382 2812 491 2835 Bartzol‘
511 2813 534 2835 2.
624 2811 647 2839 ¹¹)
667 2813 777 2836 contenti
798 2813 823 2836 111
844 2813 897 2844 ipsa
918 2813 1082 2844 expedicione
1102 2821 1167 2836 corr.
1184 2812 1204 2836 l.

2058 1918 2082 1935 3¹]

2057 2437 2081 2454 ⁴0

2055 2733 2078 2751 45
