2205 3072
306 191 368 222 668
580 186 710 213 LEONIS
730 186 804 212 VIII.
824 185 942 211 PAPAE
960 183 1199 210 PRIVILEGIUM
1219 183 1340 209 MAIUS.
1376 183 1521 209 963-965.
1558 181 1606 208 Nr.
1621 182 1680 208 449.

307 285 484 316 versasque
516 284 613 304 voces
647 272 851 303 adultorume
881 274 914 302 et
946 271 1153 312 parvulorum
1190 273 1394 311 exspectare,
1426 269 1546 300 idcirco
1575 269 1631 299 uni
1654 263 1778 299 tantum
1809 278 1948 310 persone

310 337 401 357 suum
427 327 476 356 ius
501 336 538 356 ac
563 327 761 366 potestatem
785 323 996 361 tradiderunt,
1021 333 1116 363 quem
1139 322 1310 363 patricium
1334 323 1614 362 nuncupaverunt,
1638 320 1729 350 iuxta
1752 330 1829 351 vero
1854 330 1949 360 quem

308 377 422 408 XIIcim
456 388 553 419 super
588 376 666 407 alios
704 376 870 406 universos
906 375 1150 411 constituerunt,
1194 383 1273 413 quos
1308 375 1439 403 senatus
1475 372 1639 402 consultos
1670 371 1948 402 nominaveruntl.

309 428 358 469 (5)
384 428 448 460 Sed
473 432 644 470 postquam
669 428 881 468 imperatores
908 425 1224 466 Constantinopolim
1249 435 1358 455 eorum
1384 424 1558 454 stationem
1581 423 1778 461 direxerant,
1802 423 1857 453 diu
1877 426 1950 463 post

308 480 367 510 hec
391 480 584 521 Aggarreni,
610 479 663 520 qui
686 477 895 519 Lougobardi
919 477 1131 513 vocabantur,
1154 476 1305 506 Italicum
1322 485 1459 516 regnum
1478 477 1686 515 occupantes,
1712 474 1850 515 expulsa
1866 474 1947 504 Gre-

308 542 415 562 corum
445 531 661 561 dominatione
694 533 725 560 et
753 530 825 567 ritu,
858 532 889 560 et
917 539 976 570 per
999 527 1170 558 duodecim
1195 537 1297 557 annos
1322 527 1443 568 absque
1473 537 1550 567 rege
1574 536 1710 566 regnum
1733 525 1951 566 possidenteS,

309 594 350 614 ex
373 583 451 624 ipsis
469 592 578 622 regem
596 584 796 615 statuerunt;
821 579 878 611 sed
899 590 1061 621 nunquam
1079 579 1205 620 imperii
1222 578 1359 609 Romani
1383 588 1535 608 coronam
1553 577 1662 618 adepti
1680 580 1763 608 sunt.
1818 576 1866 617 (6)
1891 575 1952 611 Qui

310 645 381 665 cum
406 634 507 664 multa
531 633 705 674 perpetrati
730 635 804 663 sunt
827 632 912 662 mala
936 634 1068 662 sanctae
1085 631 1231 661 Romane
1256 630 1447 667 aecclesiae,
1472 630 1541 660 eius
1558 628 1784 670 possessiones
1803 628 1952 659 devasta-

311 689 424 717 verant
448 704 486 707 —
513 685 565 726 qui
589 685 649 715 fuit
672 683 911 725 Luipbrandus,
935 683 989 724 qui
1014 682 1153 713 Classim
1178 682 1337 713 destruxit
1362 684 1394 712 et
1417 681 1607 712 Ravennam
1634 679 1793 713 obsedit²:
1817 680 1870 721 qui
1893 680 1953 710 fuit

310 737 510 778 Aistolphus,
536 737 588 777 qui
613 736 715 766 multa
738 734 938 776 perpetravit
960 734 1046 764 mala
1070 737 1180 764 sancte
1197 733 1363 763 Romanae
1388 733 1535 771 ecclesie,
1560 731 1751 763 Desiderius
1774 742 1901 773 quoque
1920 734 1952 762 et

310 789 409 820 ceteri
429 791 559 818 ——tunc
583 788 702 818 factum
726 790 784 823 est,
809 789 844 816 ut
868 786 1005 827 populus
1023 785 1190 816 Romanus
1216 788 1248 815 et
1272 785 1377 815 clerus
1401 784 1462 815 sibi
1479 783 1635 814 Karolum
1653 783 1954 814 victoriosissimum

309 851 420 881 regem
444 840 641 870 Francorum
672 839 844 880 patricium
872 838 1118 868 constituerent.
1209 836 1257 877 (7)
1288 836 1349 871 Qui
1379 835 1433 866 diu
1464 839 1537 877 post
1565 835 1645 866 haec
1671 839 1803 877 propter
1826 836 1954 866 intolle-

310 891 429 923 rabilef
456 896 588 933 regumg
617 890 903 932 Longobardorum
939 889 1060 919 malum
1089 888 1217 918 Italiam
1248 888 1413 928 ingressus
1443 891 1502 926 est,
1532 887 1739 918 Desiderium
1770 897 1896 928 quoque
1922 887 1954 917 in

312 944 414 985 Papia
443 943 610 974 obsidione
640 942 854 973 circumstetit
887 941 997 982 ibique
1029 940 1206 971 exercitum
1231 950 1323 970 suum
1354 939 1486 977 dimisit,
1517 938 1654 969 Romam
1678 942 1822 980 tempore
1848 948 1954 969 resur-

311 995 462 1026 rectionis
488 995 547 1025 iter
572 993 702 1026 direxit.
749 993 854 1028 Quem
879 1003 962 1033 papa
986 991 1150 1022 Adrianus
1175 991 1411 1032 universusque
1437 990 1573 1032 populus
1599 990 1765 1020 Romanus
1791 993 1823 1021 et
1848 990 1953 1021 clerus

312 1057 384 1077 cum
415 1056 530 1086 magno
561 1045 681 1076 honore
707 1047 922 1086 susceperunt
945 1044 1177 1074 acclamantes:
1209 1042 1341 1073 *Karole
1367 1042 1632 1073 victoriosissime
1657 1042 1811 1083 patricius
1835 1041 1956 1072 Roma-

312 1109 434 1136 norum,
459 1108 517 1128 rex
541 1097 739 1128 Francorum
764 1099 796 1127 et
819 1095 1116 1137 Longobardmum,
1144 1095 1205 1125 hoc
1230 1095 1290 1125 erit
1314 1093 1373 1124 tibi
1398 1094 1526 1135 tuisque
1552 1093 1795 1124 successoribus
1819 1092 1958 1123 Romani

311 1150 436 1191 imperii
472 1149 540 1179 iure
578 1152 735 1190 perpetuo
772 1146 913 1189 perfrui'.
1008 1146 1056 1187 (8)
1089 1146 1154 1177 Sed
1190 1149 1361 1187 postquam
1392 1146 1547 1176 vexillum
1583 1145 1671 1175 beati
1699 1144 1789 1175 Petri
1820 1144 1959 1186 apostoli

312 1201 444 1242 pert'ulit
469 1204 500 1231 et
523 1204 611 1231 tanto
636 1203 809 1230 coronatus
834 1202 883 1230 est
908 1198 1081 1240 triumpho,
1107 1202 1218 1228 sancta
1243 1197 1407 1228 celebrata
1430 1197 1679 1234 resurrectione,
1704 1196 1839 1237 Papiam
1864 1206 1957 1237 repe-

311 1253 399 1283 davit
430 1253 579 1294 cepitque
603 1251 821 1289 Desiderium,
851 1261 946 1292 quem
969 1250 1141 1281 Franciam
1170 1249 1381 1280 inrevocabili
1414 1248 1532 1279 direxit
1560 1248 1669 1279 exilio.
1715 1247 1856 1279 Karolus
1882 1257 1956 1278 vero

312 1314 414 1346 usque
445 1308 534 1334 trans
560 1303 684 1334 Padum
714 1313 849 1344 regnum
881 1302 1052 1344 occupavit
1076 1293 1236 1339 Italicum,
1268 1301 1451 1341 multasque
1482 1300 1604 1331 insulas
1634 1300 1695 1330 sibi
1720 1300 1960 1340 subiugaverat,

313 1356 529 1396 obsidensque
553 1358 626 1396 post
650 1355 731 1386 haec
755 1354 989 1392 Beneventum,
1016 1357 1145 1395 captum
1163 1353 1356 1394 Adelgisum
1381 1352 1473 1383 duxit
1490 1352 1604 1383 ducem
1623 1362 1695 1383 cum
1712 1351 1778 1382 XII
1795 1351 1960 1382 obsidibus

314 1411 346 1438 et
371 1407 536 1438 Grimaldo
561 1407 625 1438 filio
652 1407 721 1438 eius
747 1410 843 1447 atque
869 1416 941 1436 cum
965 1416 1083 1446 magna
1107 1405 1325 1446 suppellectili
1350 1404 1518 1435 secessit3.

419 1458 464 1500 (9)
489 1458 616 1489 Nostris
641 1468 716 1488 vero
741 1457 939 1498 temporibus
963 1457 1142 1498 prelibatus
1166 1466 1255 1487 error
1272 1456 1454 1487 Romanum
1476 1456 1632 1497 populum
1652 1455 1781 1486 invasit.
1821 1453 1959 1489 Quidam

316 1511 401 1542 enim
425 1510 590 1552 proprium
615 1510 759 1550 genitum
776 1509 828 1540 vel
853 1512 1012 1550 nepotem,
1038 1508 1120 1539 alter
1143 1511 1252 1539 autem
1277 1508 1416 1538 amicum
1441 1507 1601 1548 quendam
1617 1507 1670 1537 vel
1688 1507 1836 1543 vicinum,
1862 1516 1957 1547 quem

314 1565 460 1600 noverat,
491 1562 523 1592 in
556 1561 743 1592 cathedram
773 1560 991 1602 episcopalem
1021 1560 1170 1590 ordinare
1203 1559 1365 1600 cupiebat.
1457 1558 1524 1599 (10)
1549 1558 1684 1589 Factum
1713 1561 1761 1589 est
1785 1558 1904 1599 itaque,
1928 1560 1963 1587 ut

314 1614 487 1651 Iohannes,
517 1613 602 1643 filius
628 1613 814 1644 Adelberici
847 1612 1013 1643 cuiusdam
1045 1611 1199 1653 principis
1228 1610 1461 1649 Romanorum,
1493 1610 1605 1641 sedem
1629 1609 1842 1651 apostolicam
1866 1619 1960 1639 occu-

316 1669 416 1707 paret.
506 1664 576 1706 (ll)
610 1664 755 1705 Cumque
795 1664 1059 1694 cristianissimus
1098 1662 1262 1704 predictus
1295 1661 1394 1693 Ottoh
1430 1663 1607 1703 imperator
1637 1664 1794 1702 augustus
1826 1670 1962 1701 regnum

318 1717 466 1747 Italicum
491 1716 628 1757 adeptus
654 1719 750 1753 esset,
784 1715 941 1746 Romam4
966 1714 1102 1745 tetendit
1126 1717 1158 1745 et
1186 1719 1338 1745 honorifice
1368 1718 1403 1743 ab
1428 1726 1459 1744 eo
1484 1719 1630 1751 susceptus
1655 1719 1697 1743 est
1721 1716 1753 1742 et
1777 1714 1962 1742 coronatus.

318 1768 379 1803 Qui
407 1768 541 1798 audiens
570 1768 672 1798 multa
700 1767 739 1798 de
768 1767 920 1808 pontifice
950 1766 1104 1797 conticuit
1136 1770 1169 1796 et
1194 1766 1340 1796 secessit.
1390 1765 1513 1795 Iterum
1537 1764 1675 1795 Romam
1700 1763 1867 1805 repedavit
1890 1767 1958 1792 mul-

317 1826 447 1857 tumque
477 1824 623 1850 decertans
656 1829 727 1849 cum
760 1818 913 1860 pontifice
946 1816 1104 1859 nequiviti
1134 1827 1207 1848 eum
1237 1828 1255 1847 a
1285 1827 1342 1847 sno
1367 1817 1490 1847 scelere
1515 1829 1658 1852 amove1·e;
1695 1816 1749 1856 qui
1773 1818 1805 1846 et
1828 1824 1964 1845 uxorem

317 1871 445 1912 publice
483 1870 658 1902 detinebat.
755 1869 825 1911 (12)
858 1869 949 1900 Tunc
984 1869 1059 1900 inde
1092 1869 1238 1907 secessit,
1276 1879 1480 1909 congregans
1514 1868 1686 1909 episcopos
1722 1877 1759 1897 ac
1798 1866 1963 1907 sapientes

318 1923 445 1964 ipsique
474 1922 631 1953 scelerato
663 1922 861 1963 legationem
893 1922 1034 1959 mittens,
1065 1924 1100 1951 ut
1130 1921 1189 1951 sibi
1220 1923 1367 1951 sanctam
1400 1919 1547 1950 sinodum
1572 1920 1771 1960 prepararet.
1819 1917 1880 1952 Qui
1905 1917 1964 1947 hcc

320 1974 454 2005 audiens
479 1978 660 2012 Campaniam
687 1973 833 2011 tetendit,
858 1977 953 2011 ibique
977 1977 1005 2003 in
1030 1977 1106 2003 silvis
1131 1986 1207 2003 more
1230 1976 1319 2003 bestie
1344 1972 1484 2002 latenter
1508 1982 1541 2002 se
1561 1970 1712 2001 habebat.
1803 1968 1873 2010 (13)
1898 1968 1963 1998 Im-

319 2030 450 2067 perator
473 2037 549 2057 vero
578 2026 713 2056 Romam
742 2025 881 2063 rediens,
915 2028 1059 2055 sanctam
1090 2024 1266 2055 celebravit
1298 2023 1465 2065 synodum,
1499 2033 1594 2063 quem
1627 2021 1731 2052 omnis
1762 2021 1898 2062 populus
1932 2023 1963 2050 ct

321 2078 425 2108 clerus
444 2077 652 2108 obsecrantes
668 2077 848 2118 pecierunt,
865 2080 900 2106 ut
917 2080 1049 2107 sanctae
1068 2076 1162 2106 matri
1180 2075 1338 2106 ecclesiae
1357 2074 1488 2116 dignum
1505 2080 1642 2104 rectorem
1658 2077 1803 2103 tribueret.
1840 2071 1964 2107 Quibus

320 2128 429 2169 inquid
454 2129 642 2169 imperator:
674 2132 787 2166 ‘Eligite
811 2133 859 2166 qui
883 2133 984 2166 dignus
1008 2132 1052 2164 sit,
1083 2133 1111 2158 ct
1135 2141 1186 2165 ego
1212 2131 1290 2157 vobis
1314 2131 1481 2157 coucedam'.
1522 2124 1667 2166 Cumque
1692 2124 1731 2155 de
1755 2124 1863 2154 Leone
1888 2133 1961 2164 pro-

321 2179 544 2210 tlioscriniario
569 2190 656 2210 merc
682 2183 714 2210 et
730 2180 795 2210 vita
819 2180 904 2210 bono
930 2180 1053 2210 mentio
1077 2180 1162 2210 faeta
1180 2182 1240 2217 cst,
1265 2182 1340 2208 tunc
1357 2178 1531 2219 imperator
1547 2180 1678 2207 sanctae
1695 2175 1789 2206 matri
1807 2174 1965 2206 ecclesiae

322 2242 395 2262 eum
427 2231 587 2262 concessit
621 2233 791 2269 rectorem,
828 2241 923 2272 quem
955 2232 1106 2262 continuo
1136 2230 1318 2261 consecrari
1349 2229 1507 2270 precepit.
1599 2228 1666 2268 (14)
1693 2226 1838 2267 Cumque
1863 2227 1965 2267 inipe—

322 2286 410 2313 rator
438 2283 469 2312 in
501 2286 610 2323 partes
635 2282 762 2313 Galliae
793 2283 985 2313 secessisset
997 2285 1016 2321 5,
1045 2285 1121 2313 tunc
1145 2282 1284 2312 Romani
1309 2286 1429 2311 Leonem
1460 2285 1602 2311 eiecerunt
1625 2283 1656 2309 et
1680 2278 1858 2309 Iohannem
1882 2282 1964 2308 scelo-

322 2340 413 2364 ratum
438 2334 469 2363 in
492 2333 678 2364 cathedram
696 2334 886 2365 retulerunt.
969 2333 1039 2375 (15)
1062 2333 1244 2375 Imperator
1261 2333 1371 2373 itaque
1394 2332 1575 2363 exercitum
1594 2341 1797 2371 congregans
1815 2328 1967 2365 validum,

324 2388 439 2415 cuncta
465 2385 546 2426 cepit
570 2385 601 2415 in
626 2386 763 2415 circuitu
787 2385 911 2416 Romae
937 2385 1072 2416 castella
1095 2390 1242 2415 devastare
1267 2390 1295 2415 et
1319 2388 1444 2414 funditus
1469 2382 1644 2421 eradicare,
1670 2382 1817 2413 civitates
1842 2390 1968 2422 quoquc

324 2440 356 2467 et
373 2436 490 2477 oppida
507 2436 690 2467 firmissima
707 2437 868 2468 custodire
885 2438 987 2475 iussit,
1013 2436 1234 2478 iusiurandum
1252 2439 1459 2472 connectens,
1484 2438 1518 2465 ut
1541 2445 1635 2465 nemo
1654 2434 1824 2475 quicquam
1842 2432 1968 2462 Romae

324 2487 449 2518 deferat
473 2488 576 2518 vietus
601 2488 652 2518 vel
681 2488 808 2519 omnino
832 2488 1006 2530 quicquidk
1030 2488 1249 2519 necessarium
1274 2488 1387 2518 fuisset
1411 2487 1651 2518 adminiculum.
1733 2483 1804 2525 (16)
1829 2483 1969 2525 Insuper

427 2589 490 2616 449.
516 2596 537 2622 ⁰)
556 2592 591 2616 sic
610 2592 711 2616 coniecit
731 2592 819 2620 Floss;
838 2600 885 2616 παπ
903 2601 955 2616 noti
974 2592 1080 2623 legsibilis
1100 2592 1125 2615 in
1139 2600 1158 2615 c.
1230 2590 1252 2621 f)
1272 2589 1444 2614 intollerabile
1463 2598 1528 2613 '‘Ol'l'.
1547 2598 1566 2612 ν.
1638 2588 1661 2620 S)
1681 2590 1762 2620 rcgnfi
1777 2596 1795 2612 c.
1869 2586 1894 2618 ¹¹)
1914 2588 1963 2610 Ka-

325 2634 393 2657 rolus
414 2634 478 2658 mule
497 2644 514 2658 ι’,
606 2634 621 2665 i)
642 2639 699 2659 <tute
718 2635 833 2666 nequivit
851 2643 898 2659 voa:
917 2635 1039 2659 conticuit
1059 2635 1141 2659 deleta
1162 2644 1181 2659 c.
1270 2632 1295 2665 k)
1322 2623 1402 2664 ‘Tu-«iil
1424 2642 1444 2656 τ’.

431 2727 454 2756 1)
479 2728 540 2752 Ins-t.
560 2727 575 2752 l.
590 2735 610 2752 τ’.
624 2731 645 2752 5.
750 2728 776 2753 ⁶2)
798 2726 838 2759 Cf.
857 2735 942 2759 supra
956 2736 984 2760 1).
1001 2730 1056 2753 ⁶59.
1145 2727 1170 2755 3)
1190 2726 1265 2751 Hace
1287 2725 1323 2751 ad
1341 2725 1463 2750 Annales
1483 2724 1620 2749 Emtae-cli
1636 2726 1682 2749 786
1704 2723 1809 2748 *minime
1828 2721 1969 2754 quadrant,

328 2776 405 2800 ''Psll‘ss
423 2769 457 2793 “d
476 2770 550 2795 stim&
645 2770 672 2797 4)
694 2769 736 2794 Ad
754 2778 774 2795 c.
789 2773 884 2795 11-18
902 2770 933 2801 (ff.
949 2770 1105 2803 Catrdoynm
1121 2770 1284 2802 pontificum
1303 2768 1377 2800 apud
1396 2767 1539 2793 walterich
1558 2767 1580 2799 I,
1594 2770 1704 2798 40—45',
1724 2774 1836 2798 quocum
1855 2772 1922 2796 qnae
1935 2763 1970 2789 ml

328 2811 425 2835 rvrlmm
445 2815 593 2844 munst-uun!
613 2812 705 2836 [meris
723 2813 834 2837 'minutis
853 2813 915 2838 (laia
935 2816 1005 2839 sunt.
1095 2815 1120 2842 :31
1143 2813 1171 2838 111
1192 2812 1318 2845 partilnis
1339 2811 1446 2836 Galliae,
1470 2811 1582 2835 secessit
1604 2810 1687 2835 (lund.
1704 2818 1731 2842 2).
1744 2813 1778 2834 49
1796 2808 1916 2840 inferius.

1981 739 2005 757 10

1985 1256 2010 1274 20

1986 1517 2010 1535 25

1989 1773 2013 1790 30

1993 2289 2018 2306 «10
