2205 3072
624 170 803 197 FRIDERICI
824 171 841 196 Ι.
862 170 1184 198 CONSTITUTIONES.
1222 172 1296 198 1177.
1339 172 1385 198 Nr.
1398 172 1457 199 260.
1798 173 1859 203 363

319 261 347 290 5.
372 263 507 290 Similiter
534 265 562 289 et
593 263 737 289 universos
767 263 886 289 vasallos
922 262 1046 295 ecclesie,
1078 272 1147 296 quos
1180 262 1325 290 occasione
1355 263 1493 289 scismatis
1528 259 1677 290 dominus
1706 263 1860 297 imperator

216 315 334 342 abstulit
366 315 409 341 vel
438 315 556 349 recepit,
593 310 741 340 domiuus
775 309 968 351 imperators
996 314 1124 341 absolvet
1154 317 1182 341 et
1219 314 1331 341 domino
1366 323 1437 348 pape
1466 316 1496 341 A.
1526 315 1657 341 restituet
1687 316 1715 341 et
1744 314 1859 340 ecclesie

217 367 370 393 Romaneg.

319 415 348 445 6.
372 418 503 445 Preterea
532 418 660 444 dominus
692 418 844 452 imperator
872 420 901 444 et
929 417 1057 444 dominus
1086 412 1180 451 papah
1204 418 1239 443 ad
1263 417 1397 443 honorem
1422 420 1449 444 ct
1474 418 1532 444 iura
1557 418 1672 444 ecclesie
1697 419 1725 444 et
1748 416 1859 451 imperii

177 478 187 494 f»
216 471 405 497 conservanda
429 479 457 496 se
482 465 617 496 vicissimi
640 470 785 501 iuvabunt,
810 469 938 495 dominus
961 478 1036 504 papa
1059 471 1090 495 ut
1113 469 1251 503 benignus
1276 471 1356 503 pater
1381 470 1512 496 devotum
1537 473 1565 495 et
1581 469 1754 496 carissimum
1772 469 1859 494 filium

165 736 189 753 ln

164 994 187 1013 15

162 1256 187 1274 20

163 1515 186 1533 2³5

162 1773 186 1791 30

163 2032 186 2050 35

162 2285 186 2302 ⁴11

160 2585 184 2603 45

162 2797 187 2816 ⁵0

1034 516 1048 534 k
1077 521 1230 555 imperator
1258 523 1289 547 ut
1318 521 1436 547 devotus
1464 521 1536 547 filius
1560 523 1587 547 et
1611 520 1859 547 christianissimus

215 524 244 549 et
274 523 470 557 imperatorem
503 522 773 551 christianissimum,
803 521 931 547 dominus
961 530 1025 547 vero

216 574 370 608 imperator
393 574 526 600 dilectum
550 576 577 600 et
601 574 783 600 reverendum
807 575 916 607 patrem
941 575 967 599 et
992 573 1068 600 beati
1092 573 1167 599 Petri
1192 573 1334 599 vicarium.

319 623 345 652 7.
371 625 548 659 Quecumque
572 628 666 651 autem
690 627 814 659 tempore
832 625 969 651 scismatis
987 626 1030 651 vel
1047 625 1192 651 occasione
1209 625 1296 659 ipsius
1313 628 1363 651 aut
1379 625 1437 651 sine
1460 625 1556 651 ordine
1573 625 1716 651 iuditiario
1734 624 1858 650 ecclesiis

214 687 230 704 a
253 678 365 704 domino
388 678 558 712 imperatore
582 677 623 703 vel
649 677 705 703 suis
729 679 794 703 sunt
817 677 920 709 ablata.
945 677 984 703 eis
1009 677 1202 703 restituentur.

318 726 347 756 8.
371 725 511 756 Domina
541 725 639 756 etiam
671 725 708 756 B.
738 724 942 766 imperatrix¹
967 725 1103 766 recipiet
1137 724 1301 755 dominum
1334 735 1450 766 papam
1480 725 1518 754 A.
1550 724 1579 754 in
1611 723 1803 754 catholicum
1828 726 1860 754 et

214 777 430 809 universalem
462 787 588 818 papam.
635 776 795 807 Dominus
829 787 956 818 quoque
981 776 1172 807 Ilenricus¹¹³
1197 787 1255 807 rex
1284 776 1367 807 filius
1397 786 1507 807 eorum
1537 776 1685 807 similiter
1709 786 1782 807 euni
1808 786 1858 806 re—

214 829 313 871 cipiet
342 832 374 860 et
403 829 431 859 ei
462 832 493 859 et
523 828 690 859 catholicis
720 828 963 859 successoribus
1001 829 1066 859 suis
1099 828 1240 859 debitam
1273 829 1488 859 reverentiam
1519 827 1688 859 exhibebit
1717 831 1748 858 et
1772 828 1856 858 iura-

214 883 367 917 mentum.
393 880 477 921 quod
501 880 648 911 dominus
674 880 847 921 imperator
872 880 1065 912 exhibuerit.
1091 880 1239 911 similiter
1263 884 1318 911 et¹¹
1342 881 1410 922 ipse
1435 880 1602 921 prestabit.

317 933 346 963 9.
369 936 487 962 Pacem⁰
511 935 619 963 autem
645 945 737 962 veram
762 936 851 962 reddit
876 937 1004 962 dominus
1029 937 1182 970 imperator
1207 936 1238 962 et
1256 931 1402 962 dominus
1421 931 1577 962 Hel·i0uS¹’
1601 942 1659 962 rex
1684 931 1768 962 filius
1787 931 1856 962 eius

216 984 331 1015 illustri
361 988 419 1022 regi
448 988 540 1014 Sicilie
570 994 672 1024 usque
701 984 740 1014 ad
766 983 827 1014 XV
852 994 962 1014 annos,
997 984 1080 1014 sicut
1105 994 1161 1025 per
1184 983 1380 1014 mediatores
1411 983 1497 1024 pacis
1523 987 1572 1014 est
1596 977 1802 1014 o'rdinatumq
1827 986 1859 1013 et

215 1036 380 1077 scriptum.

324 1089 367 1118 10.
393 1091 708 1125 Constantinopolitano
733 1087 828 1117 etiam
853 1092 1017 1125 insperatori
1042 1094 1070 1118 et
1095 1092 1231 1118 universis
1256 1092 1430 1118 adiutoribus
1455 1091 1570 1117 ecclesie
1594 1091 1719 1118 Romane
1744 1097 1856 1128 pacem

213 1149 322 1170 veram
352 1139 457 1170 reddit
487 1145 515 1170 et
544 1143 651 1169 nullum
679 1144 782 1169 malum
815 1144 944 1169 meritum
976 1144 1072 1170 reddet
1103 1140 1150 1170 eis
1180 1153 1229 1177 per
1252 1153 1280 1169 se
1306 1144 1348 1170 vel
1374 1150 1430 1181 per
1454 1152 1517 1169 suos
1542 1152 1591 1177 pro
1616 1143 1731 1169 servitio
1756 1143 1859 1170 collato

214 1195 329 1221 ecclesie
352 1195 502 1222 Romane‘.

323 1245 368 1274 ll.
392 1247 432 1273 De
455 1247 575 1280 querelis
599 1250 692 1273 autem
717 1249 745 1273 et
769 1248 974 1279 controversiis,
999 1256 1052 1280 que
1077 1250 1142 1273 ante
1167 1250 1294 1282 tempora
1316 1242 1464 1274 dominis*
1489 1247 1603 1273 Adriani
1623 1247 1697 1273 inter
1713 1247 1859 1273 ecclesiam

213 1300 241 1325 ct
265 1294 458 1336 imperium*
482 1299 671 1329 vertebantur,
696 1299 864 1325 mediatores
889 1306 929 1326 ex
955 1298 1046 1337 parte
1064 1299 1169 1326 domini
1191 1309 1262 1334 pape
1280 1302 1305 1326 et
1323 1299 1428 1325 domini
1446 1299 1623 1333 imperatoris
1641 1299 1857 1331 constituentur,

212 1350 313 1384 quibus
336 1351 560 1382 committentur,
589 1353 618 1377 ut
649 1360 695 1377 eas
726 1351 826 1377 iuditio
851 1352 892 1377 vel
918 1351 1065 1377 concordia
1093 1347 1272 1377 terminent*
1324 1352 1352 1377 Si
1377 1360 1441 1377 vero
1466 1351 1584 1385 predicti
1608 1351 1778 1377 mediatores
1802 1360 1858 1377 non

213 1402 402 1434 convenerint,
428 1398 539 1429 iuditio
564 1402 669 1428 domini
693 1411 765 1436 pape
782 1405 810 1429 et
826 1403 953 1429 dominin
977 1403 1154 1436 imperatoris
1181 1403 1221 1429 vel
1247 1403 1305 1429 eius
1324 1410 1381 1430 Seu
1402 1412 1505 1430 eorum.
1530 1412 1599 1436 quos
1617 1403 1651 1429 ad
1669 1403 1695 1429 id
1713 1403 1859 1437 elegerint,

214 1449 379 1481 finientur.*

321 1503 366 1533 l2.
390 1506 528 1532 Cristiano
557 1508 651 1533 autem
679 1507 754 1532 dicto
784 1507 951 1533 cancellario
975 1504 1171 1541 Maguntinus‘
1203 1507 1469 1541 archiepiscopatus,
1502 1507 1631 1541 Philippo
1660 1508 1754 1532 autem
1779 1506 1857 1532 Colo-

213 1557 336 1583 niensisu
360 1557 617 1591 archiepiscopatus
641 1558 829 1584 concedentur
852 1562 878 1584 et
901 1559 1159 1585 confirmabunturv
1184 1555 1229 1584 eis
1248 1568 1308 1584 curn
1326 1559 1401 1584 omni
1418 1559 1593 1592 plenitudine
1611 1558 1858 1592 archiepiscopalis

212 1609 359 1643 dignitatis
384 1612 410 1635 et
436 1609 525 1635 offitii.
572 1609 606 1635 Et
630 1610 734 1643 primus
752 1610 1019 1644 archiepiscopatus,
1043 1611 1091 1644 qui
1115 1610 1143 1636 in
1160 1610 1334 1637 Theutonico
1359 1620 1445 1644 regno
1464 1611 1603 1637 vacaverit
1613 1611 1640 1637 w·
1665 1610 1778 1636 domino
1795 1610 1858 1636 Cor-

213 1661 299 1687 radox
328 1661 498 1687 auctoritate
529 1661 634 1687 domini
665 1670 736 1695 pape
762 1664 789 1687 et
813 1662 917 1688 auxilio
941 1662 1046 1688 domini
1070 1662 1247 1696 imperatoris
1271 1662 1473 1695 assignabitur,
1504 1663 1551 1696 qui
1576 1664 1669 1688 tamen
1694 1657 1858 1696 congruus*

215 1713 349 1739 videatur.
361 1708 376 1725 *

320 1761 365 1790 13.
394 1764 426 1790 Ei
455 1767 549 1791 autem
580 1765 628 1798 qui
658 1765 760 1791 dicitur
783 1766 909 1792 Calixtus
940 1774 995 1791 una
1027 1765 1140 1792 abbatia
1172 1765 1292 1792 dabitur.
1347 1766 1390 1792 llli
1421 1768 1514 1792 autem
1539 1765 1585 1799 qui
1609 1765 1775 1791 dicebantur
1799 1765 1857 1791 eius

212 1816 366 1842 cardinales
398 1817 529 1843 redibunt
561 1817 595 1843 ad
619 1817 681 1843 loca
705 1826 758 1850 que
783 1814 907 1854 primo>v
930 1817 1097 1848 habuerunt,
1122 1817 1175 1843 nisi
1200 1826 1233 1843 ea
1256 1820 1356 1851 sponte
1381 1818 1423 1843 vel
1449 1817 1549 1843 iuditio
1573 1817 1746 1845 dimiserant.
1778 1819 1805 1843 et
1830 1817 1857 1842 in

212 1867 363 1900 ordinibus,
387 1877 457 1902 quos
481 1871 546 1895 ante
571 1869 671 1895 scisma
694 1871 887 1903 perceperunt,
912 1869 1115 1902 relinquentur.

320 1919 363 1946 Η.
389 1920 461 1946 Gero
489 1922 584 1947 autem
617 1930 689 1947 nunc
717 1920 808 1947 dictus
838 1921 1076 1947 AlberstatensisZ
1103 1922 1209 1956 precise
1243 1922 1399 1956 deponetur
1435 1923 1463 1947 et
1492 1920 1620 1947 Ulricus³
1653 1929 1733 1946 verus
1762 1920 1857 1946 Alber-

350 1967 362 1984 ¹¹
391 1972 564 1999 restituetur.
617 1973 810 1999 Alienationes
839 1983 855 1999 a
884 1974 992 2000 Ger-one
1027 1974 1101 2000 facte
1130 1976 1159 2000 et
1189 1974 1321 2000 benefitia
1349 1974 1416 1999 data
1451 1973 1581 1999 similiter
1609 1974 1637 1998 et
1665 1972 1700 1998 ab
1730 1973 1858 1998 omnibus

212 1972 344 1998 statensis

214 2023 328 2049 intrusis
356 2024 526 2051 auctoritate
555 2025 661 2051 domini
691 2034 763 2059 pape
787 2027 816 2051 et
839 2026 944 2051 domini
974 2026 1153 2060 imperatoris
1177 2026 1362 2052 cassabuntur
1385 2027 1414 2051 et
1437 2025 1493 2051 suis
1517 2024 1640 2051 ecclesiis
1665 2025 1857 2051 restituentur.

318 2073 362 2101 15.
387 2075 426 2101 De
450 2076 586 2102 electione
610 2077 867 2111 Brandeburgensis
892 2078 1025 2111 episcopi.
1050 2078 1098 2111 qui
1122 2078 1157 2103 ad
1174 2078 1351 2104 Breniensem
1373 2077 1645 2111 archiepiscopatum
1664 2077 1769 2102 electus
1787 2079 1856 2108 erat,

212 2128 395 2160 cognoscetur
424 2129 460 2158 et,
493 2127 517 2153 si
540 2128 703 2154 canonicum
734 2129 827 2159 fuerit,
857 2130 891 2155 ad
915 2130 1032 2156 eandem
1056 2130 1202 2156 ecclesiam
1226 2130 1418 2156 transferetur.
1464 2129 1499 2155 Et
1522 2138 1696 2162 quecumque
1720 2137 1736 2154 a
1760 2129 1856 2154 Baldo-

213 2178 326 2207 uuinoc,
357 2178 405 2211 qui
435 2187 508 2205 nunc
538 2182 631 2213 preest
654 2181 797 2206 Bremensi
828 2181 951 2212 ecclesie,
984 2182 1108 2208 alienata
1139 2182 1181 2208 vel
1207 2181 1403 2208 inbeneficiata
1434 2183 1512 2210 sunt.
1544 2182 1615 2207 sicut
1640 2181 1805 2207 canonicum
1829 2182 1858 2206 et

213 2229 317 2255 iustum
340 2230 433 2261 fuerit,
457 2231 547 2257 eidem
571 2231 687 2257 ecclesie
711 2232 903 2258 restituentur.

781 2279 793 2297 d

321 2278 366 2308 16.
392 2282 462 2308 Item
493 2291 546 2316 que
570 2283 775 2317 Salsiburgensi
823 2285 938 2311 ecclesie
967 2287 1093 2318 tempore
1124 2284 1262 2311 ‘scismatis
1287 2285 1432 2311 subtracta
1456 2287 1528 2313 sunt,
1562 2284 1587 2311 ei
1612 2280 1754 2321 plenarie
1778 2284 1855 2309 resti<

212 2334 336 2359 tuentur.

320 2381 365 2410 17.
390 2385 520 2411 Universi
550 2386 643 2412 clerici
673 2386 721 2419 qui
751 2389 815 2413 sunt
845 2388 878 2414 de
902 2388 998 2414 Ytalia
1027 2389 1069 2415 vel
1099 2389 1162 2414 aliis
1191 2389 1360 2423 regionibus,
1390 2388 1438 2421 qui
1463 2389 1527 2413 sunt
1551 2389 1631 2413 extra
1654 2387 1856 2413 Theotonicum

1417 2436 1450 2454 e*

213 2445 336 2470 regnum,
368 2436 548 2471 dispositioni
579 2441 607 2463 et
636 2438 736 2464 iuditio
765 2439 870 2465 domini
903 2449 975 2474 pape
1006 2442 1037 2467 A.
1068 2450 1313 2475 successorumque
1350 2441 1408 2467 eius
1480 2440 1681 2472 relinquentur.
1734 2439 1761 2465 Si
1793 2448 1856 2465 vcro

314 2533 378 2561 260.
402 2534 425 2568 f)
445 2537 561 2561 dominus
574 2538 709 2570 imperator
722 2538 790 2562 deest
805 2538 828 2561 R
838 2548 869 2558 =
882 2538 986 2563 Pactum
1001 2539 1175 2571 Anuyninum.
1246 2540 1270 2570 g)
1290 2544 1314 2565 et
1329 2541 1436 2571 ecclesii}
1451 2541 1561 2564 Romane
1575 2539 1689 2563 restituet
1703 2538 1726 2561 B
1738 2548 1768 2558 -Ξ
1782 2537 1811 2562 Ρ.
1824 2538 1855 2562 A.

213 2576 236 2607 11)
255 2578 320 2602 dom.
340 2587 406 2611 papa
425 2585 450 2604 et
467 2580 532 2605 dom.
553 2581 610 2612 imp.
626 2580 649 2604 B
663 2590 694 2600 z
709 2580 738 2605 P.
754 2581 785 2605 sl.
857 2580 874 2611 i)
895 2583 1006 2607 vicissim
1019 2591 1045 2607 se
1063 2582 1088 2606 B
1102 2593 1133 2603 =
1147 2583 1177 2607 P.
1192 2583 1223 2607 A.
1294 2582 1319 2613 k)
1339 2587 1367 2608 ut
1387 2583 1410 2606 B
1425 2592 1475 2614 pro
1494 2586 1587 2606 autem.
1659 2580 1677 2612 l)
1699 2582 1755 2613 imp.
1777 2583 1804 2605 B.
1824 2581 1855 2605 lt.

210 2621 241 2651 ΠΙ)
260 2626 285 2645 et
303 2622 419 2646 dominus
438 2631 539 2655 quoque
553 2625 692 2648 Haiuricus
706 2624 736 2648 Β.
807 2624 830 2655 Π)
850 2625 915 2649 deese
929 2625 960 2650 B.
1030 2626 1054 2658 0)
1073 2631 1131 2651 aute
1151 2627 1241 2651 Pacem
1261 2627 1359 2658 siquam
1377 2628 1391 2655 ξ
1410 2626 1436 2649 ἰνη
1449 2625 1481 2650 B.
1552 2628 1574 2652 1))
1596 2625 1628 2648 Η.
1643 2624 1673 2647 R.
1745 2625 1771 2654 q)
1792 2625 1855 2648 ordi-

211 2668 299 2688 natum
319 2668 356 2689 est
368 2664 401 2689 B.
481 2667 500 2695 r)
521 2667 632 2691 Romane
652 2668 759 2698 ecclesie
777 2667 807 2691 B.
888 2668 909 2698 ³)
930 2669 1024 2693 domini
1043 2678 1108 2702 pape
1128 2669 1152 2693 B
1172 2680 1202 2690 ε
1223 2669 1251 2693 Γ.
1266 2670 1297 2694 A.
1369 2669 1388 2699 ι)
1409 2669 1540 2700 Maguutie
1560 2667 1591 2692 B.
1662 2668 1687 2697 u)
1707 2668 1810 2691 s'olonie
1825 2668 1855 2691 It.

211 2706 234 2736 v)
254 2707 422 2732 finnabuntm·
441 2708 472 2732 B.
577 2710 606 2739 w)
627 2710 730 2734 vacabit
749 2710 773 2734 B
793 2720 823 2730 =
844 2710 872 2735 P.
886 2711 917 2735 Α.
1022 2717 1047 2740 Χ)
1067 2713 1093 2737 (“.
1114 2712 1144 2736 B.
1232 2713 1257 2742 y)
1277 2716 1334 2736 ante
1354 2712 1384 2736 Β,
1474 2712 1495 2739 z)
1510 2720 1561 2742 pro
1577 2714 1653 2741 prm-te
1673 2710 1699 2733 in
1718 2719 1814 2734 rasura
1833 2715 1856 2734 et

211 2758 276 2773 corr.
298 2751 335 2775 A:
358 2751 543 2776 Albertateusis
563 2752 594 2777 B.
700 2754 721 2784 ¹²)
744 2754 847 2778 Uri-icus
866 2754 898 2778 B.
1005 2754 1027 2785 b)
1048 2756 1232 2780 Albertateusis
1254 2755 1281 2779 12Δ
1388 2754 1410 2784 s)
1429 2755 1593 2779 abaldeuuno
1608 2754 1639 2777 A.
1745 2752 1769 2781 d)
1789 2754 1855 2778 Salz-

213 2793 334 2825 burgensi
355 2793 384 2817 B.
473 2798 496 2823 e)
515 2796 595 2828 ipsius
616 2800 641 2820 et
660 2797 772 2821 Romane
791 2797 897 2828 ecclesie
917 2797 941 2821 B
960 2808 991 2818 =
1012 2798 1041 2823 P.
1054 2799 1085 2823 A.

1598 2859 1652 2885 46*
