2205 3072
140 295 158 312 2³.
169 294 215 313 Cur.
229 296 292 317 1231.

305 202 366 230 626
769 200 935 227 SYNODUS
954 202 1229 228 ALTHEIMENSIS.
1265 204 1323 229 915.
1359 204 1407 230 Nr.
1424 205 1483 230 433.

408 286 565 316 XXXIII.
593 286 644 316 De
671 288 903 327 penitentia.
952 288 1088 318 Sanetus
1107 288 1226 318 Paulus
1251 290 1418 330 apostolus
1442 291 1571 321 instruit
1589 292 1798 332 penitentiam
1817 292 1945 333 dignam

304 348 401 376 agere
427 337 458 367 in
483 337 622 372 ieiuniis,
654 339 771 379 vigiliis
804 342 835 369 et
860 339 1058 369 orationibus
1092 350 1162 369 eum
1189 340 1389 374 elemosinis2
1422 345 1555 372 sanetus
1588 342 1795 383 Gregoriusb:
1830 344 1945 379 ‘Quem

304 398 376 418 caro
402 388 486 418 laeta
510 389 608 418 traxit
632 390 672 419 ad
697 390 836 430 eulpam,
867 390 987 420 afflicta
1015 391 1148 421 reducat
1171 391 1211 422 ad
1237 391 1383 425 veniam':
1414 396 1543 423 sanctus
1568 393 1804 434 Augustinusss:
1835 394 1943 425 ‘Peni-

304 439 435 469 tentiam
468 443 589 470 certam
623 451 685 471 non
717 441 803 477 facit.
839 442 899 471 nisi
930 441 1038 472 odium
1070 443 1195 483 peccati
1224 447 1256 473 et
1281 454 1371 473 amor
1395 443 1470 476 Dei:
1504 445 1613 486 sieque
1642 446 1796 487 penitere,
1829 450 1864 476 ut
1887 446 1944 476 tibi

304 500 447 520 amarum
474 491 576 532 sapiat
600 492 631 521 in
656 493 773 527 animo,
799 493 882 533 quod
908 497 1004 524 antea
1028 493 1121 524 dulce
1146 494 1205 524 fuit
1230 495 1261 524 in
1287 494 1361 525 vita'
1374 495 1393 526 ¹.

406 545 586 576 XXXIIII.
618 547 671 577 De
698 547 755 577 his
788 548 850 588 qui
876 547 920 578 ad
945 549 1131 589 synodum
1157 551 1284 580 vocati
1310 561 1380 580 non
1407 555 1607 582 venerunt.
1655 551 1811 583 Decrevit
1835 557 1946 584 saneta

303 596 454 637 synoduS,
488 601 522 627 ut
553 608 662 628 omnes
695 599 747 639 qui
781 599 819 629 ad
850 610 919 629 eam
945 601 1049 630 vocati
1073 611 1136 630 11011
1163 605 1328 635 venerunt.
1362 602 1422 643 ipsi
1448 603 1500 643 qui
1533 603 1647 644 polluti
1673 604 1800 634 fuerant
1825 605 1947 635 insania

303 648 523 689 Erchengarii.
562 649 749 680 Berhthaldi
787 655 818 681 et
852 651 1033 692 Burghardi
1065 652 1275 693 Arnoldique.
1309 654 1334 683 si
1370 653 1465 694 digne
1499 655 1640 695 penitere
1672 656 1779 693 velint,
1812 656 1943 686 veniant

303 710 374 730 eum
400 711 523 731 summa
548 701 714 732 celeritate
739 702 778 732 ad
804 704 948 744 proprios
978 707 1123 744 pastores
1148 707 1180 734 ct
1204 705 1375 746 episcopos
1405 716 1479 736 suos
1506 710 1538 736 et
1562 707 1721 748 accipiant
1745 707 1830 737 illam
1856 708 1943 748 peni-

303 753 446 790 tentiam,
480 763 574 793 quam
606 757 721 783 saneta
752 754 893 794 synodus
927 756 1139 786 communiter
1172 757 1295 786 invenit
1326 760 1357 787 et
1382 757 1522 787 scribere
1548 758 1727 791 mandavit:
1763 759 1811 789 sin
1836 762 1943 789 autem

303 803 417 840 minus,
452 804 555 834 sciant
588 815 622 834 se
653 805 870 835 anathematis
903 807 1027 837 vinculo
1060 807 1206 843 nodatos,
1243 812 1278 838 ut
1314 809 1345 838 in
1379 809 1495 839 litteris
1531 809 1640 840 domni
1680 821 1763 851 pape
1796 810 1948 841 Iohannis

304 855 496 886 continetur.

406 911 544 941 XXXV.
570 912 624 942 De
649 912 753 943 datis
780 913 953 943 induciis
978 913 1154 944 Arnoldo
1181 918 1217 944 et
1241 913 1502 944 Berahdaldo.
1544 914 1723 946 Concilium
1742 919 1774 946 et
1790 916 1947 957 synodum

302 963 552 1004 Radesponensi
583 964 712 994 civitate
742 965 809 995 fieri
843 966 1013 995 statuimus
1044 965 1146 995 Nonis
1177 965 1337 998 Octobris,
1367 965 1406 996 ad
1439 966 1522 1006 quod
1555 966 1731 997 Arnoldum
1764 970 1795 998 et
1820 967 1944 998 Bereh-

303 1014 446 1044 thaldum
474 1026 543 1045 cum
571 1016 664 1046 sociis
689 1027 798 1046 eorum
826 1017 934 1047 venire
960 1017 1189 1058 praecipiendo
1216 1028 1377 1053 vocamus,
1411 1017 1494 1047 datis
1519 1017 1558 1048 ad
1589 1018 1648 1048 hoc
1674 1019 1873 1049 solummodo
1898 1019 1945 1049 in-

302 1066 416 1103 duciis.
446 1071 480 1097 ut
510 1068 702 1108 resipiscant
733 1072 763 1098 et
787 1068 884 1109 digne
919 1070 1090 1109 peniteant.
1138 1069 1192 1100 Sin
1220 1073 1337 1101 autem.
1368 1070 1525 1100 suadente
1552 1070 1693 1107 diabolo,
1726 1070 1864 1111 superbe
1889 1070 1948 1101 hoc

302 1122 445 1148 nostrum
476 1119 604 1149 salubre
637 1120 806 1150 consilium
832 1121 1084 1161 contempserint
1115 1124 1145 1150 ct
1179 1121 1275 1161 digne
1309 1131 1371 1151 non
1401 1121 1605 1162 penituerint.
1638 1122 1721 1151 sieut
1754 1121 1784 1151 in
1810 1122 1950 1162 epistola

302 1169 454 1199 Iohannis
489 1181 591 1211 papae
627 1171 778 1211 scriptum
810 1171 955 1203 habetur:
993 1175 1024 1200 et
1056 1175 1089 1201 ut
1126 1171 1271 1202 homines
1303 1173 1429 1202 illorum
1463 1172 1671 1203 firmaverunt
1702 1183 1764 1203 non
1790 1173 1949 1211 venerint,

303 1221 510 1251 anathemate
546 1222 755 1252 inrevocabili
792 1222 887 1252 modo
917 1223 1067 1253 dictando
1101 1227 1133 1253 et
1157 1223 1390 1254 conscribendo
1416 1235 1470 1254 eos
1500 1224 1733 1265 perpetualiter
1756 1224 1946 1254 innodamus

302 1275 334 1302 et
359 1283 430 1302 cum
456 1272 536 1302 Iuda
560 1273 713 1303 traditore
739 1273 800 1304 Dei
826 1278 956 1304 aeterno
983 1274 1048 1314 igni
1073 1274 1248 1305 tradimusd
1274 1275 1473 1307 cremandos,

404 1328 561 1359 XXXVI.
589 1329 640 1359 De
668 1329 849 1359 monacho
875 1330 1064 1371 episcopo
1081 1330 1246 1361 effecto.
1286 1330 1447 1361 Statutum
1466 1335 1498 1361 et
1517 1331 1948 1362 rationabiliterseeundum

303 1383 429 1410 sanctos
465 1384 572 1420 patres
603 1392 621 1410 a
652 1381 774 1421 synodo
807 1384 855 1411 cst
887 1382 1056 1415 firmatum.
1094 1385 1127 1411 ut
1156 1382 1340 1418 monachus,
1373 1393 1467 1423 quem
1502 1383 1655 1413 canonica
1687 1383 1802 1413 electio
1829 1394 1848 1413 a
1872 1383 1948 1423 iugo

302 1432 432 1470 regulae
465 1433 661 1462 monasticae
698 1433 908 1471 professionis
944 1434 1082 1464 absolvit
1117 1437 1149 1464 et
1181 1445 1273 1464 sacra
1306 1434 1463 1464 ordinatio
1496 1434 1535 1465 de
1568 1435 1724 1465 monacho
1760 1436 1948 1476 episcopum

302 1483 386 1517 facit„
414 1484 500 1513 velut
525 1484 686 1524 legitimus
712 1484 804 1514 heres
831 1488 999 1525 paternam
1024 1485 1083 1515 sibi
1103 1485 1318 1515 hereditatem
1337 1489 1449 1526 postea
1466 1486 1533 1516 iure
1554 1486 1734 1516 vindicandi
1753 1490 1948 1527 potestatem

303 1534 429 1564 habeat.
479 1535 542 1565 Sed
567 1536 716 1576 quicquid
748 1537 834 1577 prius
861 1536 1059 1577 adquisierat
1085 1537 1134 1566 vel
1162 1537 1279 1567 habere
1306 1537 1392 1567 visus
1419 1538 1532 1572 fuerat.
1566 1538 1759 1568 monasterio
1787 1538 1946 1578 relinquat

303 1590 334 1615 et
365 1586 490 1616 abbatis
526 1588 582 1618 sui,
618 1588 670 1627 qui
703 1588 807 1617 fuerat
842 1588 1019 1618 secundum
1053 1589 1198 1628 regulam
1236 1589 1338 1618 saneti
1372 1588 1551 1627 Benedicti,
1584 1589 1725 1619 arbitrio,
1776 1589 1948 1630 Postquam

303 1637 386 1667 enim
413 1638 585 1679 episcopus
611 1639 789 1672 ordinatur,
815 1639 854 1669 ad
880 1640 992 1674 altare,
1018 1640 1057 1670 ad
1081 1640 1164 1681 quod
1185 1641 1386 1670 sacrificatur
1410 1644 1441 1670 et
1466 1641 1624 1676 titulatum
1649 1641 1824 1671 secundum
1843 1652 1950 1671 saeros

303 1695 464 1720 canones*³
488 1690 570 1730 quod
589 1691 759 1732 adquirere
786 1693 903 1732 poterit
920 1692 1081 1728 restituat,
1107 1691 1211 1722 salvaf
1236 1692 1428 1722 amun-itate
1446 1691 1484 1722 de
1504 1692 1630 1733 propria
1648 1692 1830 1723 hereditate
1849 1693 1949 1734 patris

304 1741 362 1772 sui,
388 1752 482 1782 quam
509 1742 584 1772 licet
608 1743 636 1772 ei
668 1743 717 1772 cui
744 1743 810 1773 vult
835 1744 1031 1775 concedere:
1065 1747 1097 1774 et
1126 1744 1170 1773 ita
1194 1743 1371 1784 distinguat
1396 1744 1513 1781 omnia,
1544 1747 1578 1773 ut
1603 1754 1744 1774 canones
1768 1744 1948 1775 diiudicant

304 1796 336 1822 et
360 1792 571 1833 distinguunt.

406 1844 583 1876 XXXVII.
610 1845 664 1876 De
691 1847 874 1887 episcopi
900 1846 1134 1877 hereditate.
1183 1847 1246 1877 Sed
1273 1851 1304 1877 et
1330 1847 1387 1877 hoe
1412 1847 1530 1877 ibidem
1556 1847 1722 1877 inventum
1748 1850 1798 1877 est
1822 1847 1861 1877 de
1880 1848 1945 1889 epi-

305 1896 423 1936 scopis,
449 1896 637 1936 presbiteris
663 1901 694 1926 et
719 1898 854 1930 clericis,
880 1898 905 1927 si
932 1898 1165 1928 hereditatemg
1190 1910 1208 1928 a
1232 1898 1348 1928 domno
1368 1909 1443 1939 rege
1463 1899 1513 1928 vel
1530 1899 1593 1928 alio
1616 1899 1759 1939 principe
1778 1899 1829 1929 vel
1847 1899 1950 1930 amico

306 1947 385 1976 suo¹¹
420 1958 476 1977 seu
511 1948 657 1988 quolibet
689 1949 748 1978 sibi
780 1949 810 1978 in
844 1950 1075 1990 proprietatem
1107 1949 1328 1989 adquisierint,
1366 1953 1399 1979 ut
1429 1949 1549 1979 donare
1582 1950 1627 1979 cis
1661 1950 1757 1979 liceat
1788 1949 1868 1980 hane
1900 1950 1950 1980 eui

307 1999 467 2029 voluerint
484 2000 651 2039 quamdiui
672 2001 791 2035 vivunt,
810 2012 865 2042 pro
885 2001 1025 2031 remedio
1044 2000 1169 2031 animae
1189 2011 1266 2030 suae
1286 2001 1324 2031 ad
1339 2000 1528 2031 aecclesiam
1544 2011 1766 2041 quamcunque
1781 2002 1949 2042 elegerint,

306 2051 356 2080 vel
383 2051 631 2090 consanguineis
658 2051 722 2081 suis
749 2053 799 2081 vel
825 2052 946 2082 amieis.
995 2052 1051 2083 Sin
1076 2056 1184 2083 autem
1203 2056 1298 2082 antea
1316 2052 1455 2082 obierint
1472 2063 1567 2093 quam
1585 2052 1717 2083 firmiter
1741 2052 1947 2093 perfecerint,

307 2102 399 2132 altari
425 2103 475 2132 eui
502 2103 665 2133 serviuntk
689 2104 793 2133 omnia
820 2107 976 2145 perpetuo
1003 2104 1226 2134 sacrificentur
1244 2108 1275 2134 et
1293 2104 1323 2134 in
1343 2105 1391 2134 ius
1410 2103 1588 2134 tradantur.
1629 2104 1784 2134 Similiter
1803 2104 1841 2134 de
1860 2115 1948 2145 pres-

306 2153 441 2186 biteris&
471 2154 523 2194 qui
555 2155 643 2184 laicis
669 2154 863 2186 deserviunt.
898 2158 1053 2184 statutum
1085 2166 1158 2185 esse
1185 2155 1266 2185 scire
1294 2166 1404 2185 omnes
1430 2155 1589 2186 convenit,
1621 2154 1659 2184 de
1684 2154 1831 2184 omnibus
1856 2156 1951 2185 rebus

308 2205 491 2240 mobilibus,
517 2206 583 2236 sive
610 2206 826 2237 inmobilibus.
867 2206 1046 2236 Monachus
1065 2210 1171 2236 autem
1190 2207 1300 2236 abbati
1320 2211 1351 2236 et
1369 2206 1561 2236 monasterio
1580 2216 1637 2235 suo
1658 2206 1763 2235 omnia
1782 2206 1950 2247 relinquat.

409 2261 601 2291 XXXVIII.
638 2261 694 2291 De
731 2262 889 2291 clericis
926 2263 991 2303 qui
1028 2273 1046 2292 a
1081 2262 1249 2292 dominis
1289 2263 1365 2292 suis
1399 2262 1515 2292 liberi
1547 2262 1644 2291 faeti
1679 2266 1780 2292 sunt.
1835 2262 1949 2292 Nullus

307 2312 443 2342 clericus
469 2311 507 2341 ad
532 2312 666 2352 gradum
693 2313 872 2353 presbiterii
899 2318 1133 2354 promoveatur.
1160 2314 1219 2343 nisi
1247 2318 1280 2343 ut
1303 2314 1455 2354 scriptum
1474 2313 1504 2343 in
1523 2313 1700 2343 canonibus
1720 2312 1864 2343 habetur.
1915 2314 1948 2343 Si

307 2363 391 2392 enim
417 2367 547 2403 propter
572 2363 633 2393 Dei
658 2364 864 2394 dilectionem
891 2365 962 2405 quis
987 2365 1025 2395 de
1052 2366 1152 2395 servis
1171 2366 1237 2395 suis
1257 2375 1449 2405 quemquam
1468 2365 1604 2404 elegerit
1622 2367 1653 2394 et
1671 2364 1816 2394 docuerit
1834 2365 1949 2395 litteris

308 2418 339 2444 et
371 2415 519 2444 libertate
551 2415 782 2446 condonaverit
807 2420 838 2445 et
870 2427 926 2456 per
956 2417 1222 2446 intercessionem
1249 2427 1326 2457 erga
1351 2417 1538 2457 episcopum
1564 2415 1781 2456 presbiterum
1807 2416 1951 2446 effecerit

410 2518 473 2543 433.
501 2519 524 2543 ¹³)
544 2520 578 2549 g}
597 2528 617 2543 c.
724 2519 746 2544 υ)
765 2518 816 2549 ιιῗὲ,
834 2526 854 2541 c.
943 2517 966 2547 ²¹)
987 2520 1116 2543 tradamus
1136 2529 1201 2543 corr.
1222 2530 1242 2543 c.
1331 2522 1353 2549 θ)
1373 2520 1407 2543 sic
1426 2519 1466 2545 B:
1493 2528 1577 2544 saeros
1596 2521 1663 2552 quod
1682 2529 1704 2544 a.
1725 2529 1748 2552 p.
1768 2529 1879 2544 canones
1898 2520 1952 2544 cod.

308 2562 329 2591 s)
349 2563 418 2586 salva
442 2576 472 2578 —
492 2563 654 2593 distinguunt
673 2562 724 2586 (les.
741 2561 766 2585 (J.
780 2561 810 2585 Β,
901 2562 925 2588 Sl
946 2562 1015 2593 prius
1036 2563 1099 2586 male
1119 2562 1180 2585 adst.
1200 2562 1288 2587 Peru:
1308 2563 1374 2586 deest
1392 2562 1467 2586 etiam
1487 2562 1518 2586 B.
1535 2562 1560 2586 U.
1649 2562 1673 2593 h)
1693 2572 1739 2587 suo
1758 2572 1803 2587 seu
1825 2571 1868 2594 per
1881 2563 1950 2587 here—

307 2606 424 2629 ditariam
444 2609 535 2628 sortem
555 2605 603 2628 sibi
623 2605 753 2628 devenerit
772 2604 811 2627 vel
831 2605 1005 2635 acquisierunt
1024 2605 1116 2629 donare
1138 2605 1169 2629 B.
1185 2606 1209 2629 U.
1316 2605 1332 2632 ¹)
1351 2606 1410 2629 dum
1431 2605 1462 2628 B.
1479 2606 1503 2629 C.
1607 2604 1632 2635 k)
1652 2606 1686 2629 sie
1700 2606 1730 2629 B.
1748 2606 1788 2633 C.;
1807 2606 1912 2630 servivit
1930 2615 1949 2630 c.

310 2647 326 2675 ¹)
348 2649 500 2679 presltvyteris
519 2652 642 2671 statutum
662 2651 699 2671 est
719 2647 749 2670 J).
768 2649 793 2676 ζ’,
813 2647 853 2669 ubi
872 2647 970 2678 reliqua
991 2647 1088 2671 desum.

414 2741 437 2767 l)
458 2740 515 2765 Hoc
538 2743 617 2772 capul
643 2740 735 2764 ›nii-um
763 2740 789 2763 111
813 2739 915 2763 modum
943 2739 1076 2771 respondet
1100 2739 1201 2764 (luobus
1226 2740 1356 2771 capiebas
1381 2739 1526 2771 Reqinonis
1545 2738 1708 2771 Appcmlicis
1728 2739 1749 2771 I,
1769 2743 1842 2765 c.33.
1863 2743 1896 2764 34
1914 2739 1950 2764 erl.

319 2782 530 2807 lihssoschlebcn
555 2787 657 2814 [14114.
677 2786 736 2807 -w-J.
774 2782 836 2806 Viro
860 2781 933 2806 docto
958 2784 1023 2812 teste,
1048 2782 1119 2807 locus
1143 2782 1167 2807 S.
1191 2782 1314 2815 (ἶνιγμννίί
1335 2783 1403 2807 inter
1428 2782 1483 2807 eius
1507 2789 1583 2813 opera
1603 2790 1658 2807 non
1676 2784 1711 2807 est
1729 2785 1856 2814 repertus,
1881 2783 1952 2807 loeus

310 2825 455 2857 Augsuslini
474 2828 507 2849 est
528 2826 553 2849 in
575 2825 695 2850 Scrmour
716 2824 773 2849 VH.
792 2824 822 2849 <lc
840 2827 949 2856 tempore
969 2824 1018 2855 (ed.
1035 2824 1159 2851 Mam-in.
1179 2828 1236 2849 tom.
1260 2825 1286 2857 V,
1307 2825 1420 2858 append.
1440 2824 1554 2850 δἐι-111011.
1569 2828 1619 2857 117,
1635 2832 1664 2856 p.
1680 2827 1744 2857 213).

1976 768 1998 786 lu

1976 1033 1998 1051 15

1976 1288 2000 1306 20

1976 1546 2000 1564 25

1977 1806 2001 1824 30

1976 2064 2000 2082 35

1976 2326 2000 2344 40

1978 2611 2002 2629 45
