2205 3072
309 190 369 219 664
547 188 675 213 LEONIS
696 188 767 213 VIII.
788 187 904 213 PAPAE
924 188 1131 213 PRIVILEGIA
1152 187 1290 213 SPURIIA.
1329 188 1473 213 963—965.
1509 188 1556 214 Nr.
1570 188 1713 214 448—450.

310 274 390 304 viros
420 274 519 303 doctos
549 275 684 304 constat:
707 273 849 312 primam
872 284 931 312 quo
955 273 1016 303 Leo
1038 273 1133 304 VIII.
1161 273 1265 304 Ottoni
1281 273 1308 304 I.
1333 283 1435 304 omnes
1457 274 1638 305 donationes
1661 275 1812 305 territorii
1834 275 1873 305 ab
1896 275 1952 306 im-

306 325 501 363 peratmibas
526 325 687 355 Romanae
709 325 850 355 ecelesiae
876 324 983 365 f‘aetus
1007 325 1159 361 restituit,·
1188 324 1355 355 seeinidum
1378 325 1478 355 brevis
1501 327 1529 355 et
1551 326 1722 356 concinnae
1745 326 1952 365 narrationis,

308 386 366 414 quo
391 376 467 405 idem
487 375 631 414 pontifeof
649 374 753 406 Ottoni
769 376 796 407 I.
815 375 1002 416 facultatem
1018 375 1164 406 concessit
1179 375 1239 406 sibi
1253 385 1452 406 successorem
1468 376 1610 416 eliyendi,
1628 386 1749 414 papam
1764 376 1943 414 ordinandi,

308 427 461 465 episcopos
478 438 538 465 per
561 427 775 457 investituram
795 427 949 465 ponendi;
975 427 1098 457 tertium
1123 427 1156 457 in
1172 427 1352 457 universum
1369 427 1527 468 iudicanti
1541 427 1611 468 fere
1626 427 1760 458 eiusdem
1776 427 1951 467 aryumenti

308 489 344 508 ae
375 478 540 508 sectantum
574 480 625 514 est,
658 477 711 508 sed
743 478 939 516 amplissima
970 479 1155 508 narratione
1182 480 1210 508 et
1234 479 1372 517 prolioeis
1401 478 1635 509 deductionibus
1664 479 1710 509 ita
1738 478 1888 516 abundat,
1917 480 1952 509 ut

309 529 448 559 nia-xima
478 529 544 559 cius
568 538 647 567 pars
676 529 824 559 tractatui
845 529 1150 560 historico-iuridico
1180 529 1314 560 similior
1344 529 1385 560 sit
1413 539 1506 568 quam
1533 529 1705 569 diplomati.
1750 529 1800 561 De
1822 530 1952 567 ratione,

309 590 387 618 quae
411 580 570 611 intercedit
592 590 660 610 cum
685 580 766 610 inter
781 581 854 611 lutee
870 581 933 611 tria
949 581 1067 621 scripta
1083 582 1147 610 tam
1171 581 1251 611 inter
1268 581 1337 619 ipsa
1358 583 1386 611 et
1402 580 1568 611 Decretum
1583 581 1727 620 spurium
1742 581 1908 612 Hadriani
1924 581 1952 618 I,

309 632 479 662 doctissime
509 632 569 671 eqit
597 632 646 662 vir
673 632 708 662 cl.
733 631 902 662 Bernlieim
927 631 1158 671 ‘Forseliangyen
1186 642 1243 663 eur
1265 631 1442 662 Devutsclien
1468 632 1655 664 Geseliiclitc'
1680 632 1754 670 XV,
1772 634 1845 667 618.
1891 633 1953 672 Qui

309 682 485 713 convincere
508 685 637 713 conatus
660 685 717 713 est:
739 683 840 721 primo
863 682 1031 721 confectam
1053 693 1115 713 esse
1135 683 1335 723 priuilegium
1358 683 1482 721 Leonis,
1505 683 1586 722 quod
1607 684 1673 723 aqit
1694 683 1730 714 de
1752 683 1952 714 restituendis

310 734 485 771 territoriis,
509 736 537 763 et
555 734 757 774 privile—qiam
781 734 890 764 maiusv
905 734 940 764 de
965 735 1166 771 investituris,
1189 734 1298 765 deinde
1317 733 1493 774 falsarium
1516 735 1624 771 alium,
1653 735 1681 765 si
1704 737 1781 765 reete
1804 735 1950 774 inteltiqo,

306 785 426 825 fultum
449 785 498 816 liis
521 785 647 822 duobus,
669 785 866 825 prioileqiam
883 785 986 816 minus
1003 786 1117 816 Leonis
1140 785 1235 817 VIII.
1259 788 1287 816 et
1310 787 1477 816 tractatum
1493 785 1672 816 historicum
1689 786 1724 816 de
1741 785 1911 817 Hadriano
1926 786 1953 817 Ι.

306 837 499 877 fabricatum
535 847 605 867 esse.
660 837 812 875 Eqaidem
847 837 1039 876 argyumentis
1070 837 1133 867 viri
1163 836 1243 868 docti
1273 836 1358 867 liaud
1380 837 1542 873 convictas,
1576 837 1870 876 sententiae-potius
1893 838 1955 868 viri

310 888 338 918 d.
365 889 519 919 Genelin¹
550 888 666 918 aecedo.
719 888 780 927 Qui
810 888 963 926 imprimis
992 888 1046 918 lioc
1076 890 1177 927 urqet:
1207 888 1408 927 prioileqium
1443 888 1547 918 minus
1578 887 1683 917 datum
1712 898 1774 918 esse
1806 888 1911 918 Ottoni
1927 888 1954 919 I.

312 941 405 979 reqi,
439 940 542 970 nucius
575 950 643 970 vcro
674 940 912 978 imperatori;
947 949 1016 979 erqo
1042 939 1241 978 prieileqium
1271 939 1376 969 minus
1408 941 1480 969 ante
1509 939 1735 969 coronationem
1767 939 1955 977 imperialem

312 992 458 1022 Heinriei
474 992 498 1022 I
503 991 536 1028 V,
560 992 662 1021 nucius
684 1002 721 1021 ea
736 991 887 1022 celebrata
908 992 1014 1030 fictum
1030 1000 1101 1022 esse.
1144 990 1246 1022 Cessio
1262 991 1464 1021 ‹tonationum
1481 991 1604 1028 Leonis,
1628 1001 1707 1029 qaae
1732 991 1952 1028 imperatori

312 1043 386 1073 (lata
417 1045 469 1079 est,
500 1042 604 1073 eadem
633 1042 668 1072 de
697 1052 807 1073 caussa
833 1044 906 1081 post
935 1042 1015 1072 diem
1038 1042 1159 1072 IIIartis
1174 1044 1215 1072 31
1244 1042 1324 1072 (inni
1348 1043 1438 1079 1084,
1470 1043 1620 1072 tractatus
1642 1041 1678 1072 de
1701 1041 1878 1079 Hadriano,
1902 1042 1957 1081 qui

314 1094 495 1124 mentionem
533 1094 654 1124 nullum
688 1093 771 1134 facit
806 1093 922 1124 Karoli
961 1094 1218 1131 imperatoris,
1255 1095 1327 1123 ante
1364 1092 1446 1123 hunc
1487 1093 1653 1123 terminum
1687 1093 1870 1131 compositas
1903 1095 1956 1126 est.

312 1145 413 1175 Aliud
443 1145 572 1183 insuper
603 1145 767 1175 discrimen
795 1145 921 1175 interest
953 1145 1034 1174 inter
1058 1144 1226 1183 prieileqia
1255 1144 1360 1174 minus
1388 1146 1415 1174 ct
1444 1144 1556 1175 maias.
1609 1144 1650 1174 In
1678 1144 1796 1175 minore
1817 1146 1956 1183 potestas

312 1197 523 1232 ecelesiastica,
553 1196 614 1226 Leo
640 1196 734 1226 VIII.
760 1206 849 1234 papa
877 1206 944 1226 cam
976 1195 1099 1235 synodo,
1130 1195 1301 1236 facultates
1329 1205 1428 1233 supra
1459 1197 1645 1226 memoratas
1673 1196 1737 1235 reyi
1765 1195 1891 1233 tribuit;
1924 1196 1957 1226 in

313 1249 427 1278 maiore
451 1258 518 1277 vero
536 1248 671 1285 populus
696 1247 866 1284 Romanas,
890 1248 939 1277 eui
961 1247 1188 1278 adnumeratzn·
1207 1257 1296 1287 papa
1319 1256 1386 1277 eum
1408 1247 1536 1283 clericis,
1562 1247 1610 1277 ius
1625 1249 1652 1277 ct
1670 1249 1851 1285 potestatem
1866 1256 1955 1277 suam

315 1300 347 1329 in
373 1300 584 1337 imperatorem
608 1299 812 1337 transfundit.
865 1299 904 1330 Ut
922 1299 1054 1330 Geneliu
1079 1299 1182 1337 refert,
1208 1299 1316 1329 virili.
1336 1297 1449 1328 Ficlier
1472 1298 1659 1336 suspicatur,
1683 1300 1836 1329 aii-ctorem
1854 1298 1958 1336 privi-

314 1351 385 1390 leqii
408 1351 536 1381 maioris
559 1360 620 1380 esse
644 1349 771 1380 Petram
799 1349 945 1381 Crassum
964 1350 1187 1387 Ravennatem,
1210 1350 1261 1380 cai
1276 1350 1417 1379 debemus
1440 1351 1606 1379 tractatam
1624 1349 1713 1380 ittum
1730 1349 1959 1380 celeberrimum

313 1413 340 1432 a.
360 1404 441 1431 1050
465 1403 668 1440 compositum,
701 1412 759 1441 quo
783 1402 855 1432 iura
877 1402 958 1441 reqis
982 1403 1008 1431 et
1032 1401 1185 1431 viniuriam
1211 1401 1356 1440 Greqerii
1378 1400 1452 1431 VII.
1474 1401 1607 1439 probare
1631 1403 1760 1431 conatus
1782 1402 1826 1431 est
1837 1400 1857 1432 ².
1897 1400 1960 1431 Hic

314 1456 341 1484 et
366 1454 429 1483 illie
452 1453 553 1483 mutem
578 1454 769 1484 deductionis
792 1453 910 1483 indoles
933 1453 1020 1483 obvia
1044 1455 1096 1490 cst,
1120 1452 1240 1483 eaedem
1260 1452 1460 1483 auctoritates
1475 1452 1663 1491 alienantur,
1686 1452 1843 1490 imprimis
1861 1452 1959 1483 Insti-

315 1505 454 1542 tutione-s,
486 1505 518 1536 S.
547 1505 725 1544 Greqorias,
761 1504 873 1535 Petrus
902 1505 1067 1542 apostolas.
1125 1504 1280 1544 Qnanwffi,
1316 1514 1359 1534 an
1386 1514 1491 1534 verum
1516 1503 1667 1533 invenerit
1691 1503 1763 1534 hacc
1785 1503 1899 1542 opinio,
1924 1503 1958 1534 in

314 1557 446 1587 medium
479 1557 664 1595 relinquam,
696 1559 809 1587 certam
842 1559 944 1586 tamen
973 1556 1049 1585 milii
1078 1556 1208 1592 videtur,
1244 1557 1399 1586 (tractorem
1429 1555 1557 1585 nia-ioris
1589 1556 1616 1585 et
1648 1555 1778 1585 minoris
1797 1555 1958 1594 prioilcqii

316 1617 431 1638 necnon
462 1610 490 1637 et
521 1607 676 1639 Cessionis
708 1608 911 1637 donationum
944 1607 1168 1646 inquirendum
1200 1616 1263 1637 csse
1290 1607 1372 1637 inter
1395 1606 1529 1637 doctores
1552 1606 1621 1637 ilios
1643 1606 1818 1637 saeculares
1841 1606 1960 1637 seliolae

315 1659 466 1689 iuridieae
487 1659 687 1696 Ravennatis,
712 1660 766 1698 qai
786 1659 868 1689 inter
885 1659 1006 1697 primos
1028 1659 1173 1697 potestati
1188 1659 1290 1697 reqiae
1307 1660 1337 1689 ct
1358 1658 1492 1689 Wiberto
1508 1668 1600 1688 arma
1617 1657 1778 1688 cadebant.
1821 1658 1961 1689 Ceterum

314 1712 467 1740 auctorem
490 1710 648 1749 privileqii
670 1711 800 1741 maioris
821 1711 1013 1749 propesitum
1036 1720 1135 1746 suum,
1160 1710 1277 1740 bullam
1300 1709 1415 1740 Leonis
1438 1708 1535 1740 VIII.
1558 1708 1706 1747 finqcndi,
1730 1708 1772 1738 ad
1788 1708 1961 1747 perfectum

316 1761 401 1790 liiizid
423 1761 557 1798 davisse,
580 1771 667 1791 nemo
690 1763 733 1791 est
756 1762 809 1800 qui
832 1771 895 1791 non
918 1761 1028 1791 videat.
1077 1761 1158 1791 Pars
1174 1771 1288 1800 maqna
1304 1761 1421 1798 scripti,
1446 1770 1524 1799 qaae
1540 1759 1743 1797 deductiones,
1767 1759 1846 1790 locos
1861 1759 1959 1798 scrip-

316 1814 404 1841 turae
420 1822 535 1848 sacrae,
563 1813 708 1851 Greqorii
724 1813 848 1851 Illamzi,
872 1822 1012 1849 canones,
1037 1812 1236 1842 narrationes
1252 1812 1416 1842 historicas
1433 1811 1649 1851 complectitur,
1674 1811 1747 1841 talis
1762 1813 1814 1847 est,
1838 1811 1959 1849 qualem

318 1864 462 1901 impostor
487 1864 530 1894 ecl
553 1864 773 1894 stolidissimus
796 1864 976 1902 nentiquam
1000 1864 1101 1894 ballac
1120 1863 1301 1902 pontificiae
1325 1863 1458 1893 inserere
1481 1872 1578 1893 {cusas
1596 1862 1708 1903 fuerit.
1755 1861 1960 1901 Priviteqium

317 1915 418 1944 maius
440 1917 484 1945 est
504 1915 608 1953 petius
636 1915 737 1945 bullae
760 1915 965 1951 attaminatio,
995 1925 1088 1954 quam
1113 1915 1191 1955 fecit
1219 1915 1306 1945 lamio
1329 1914 1523 1944 doctissimus
1545 1914 1682 1952 midique
1706 1913 1866 1943 materiam
1891 1923 1960 1943 con-

315 1966 386 1996 silio
409 1976 463 1995 suo
487 1968 591 2004 aptam
615 1976 787 2005 conqerens,
811 1968 845 1996 nt
868 1967 986 2005 apt-iore
1010 1969 1140 2005 tempore
1163 1976 1201 1996 ca:
1224 1968 1313 1996 vasta
1336 1965 1392 1995 liae
1408 1965 1484 1995 mole
1500 1965 1670 2004 artificium
1685 1974 1775 1995 suum
1794 1964 1958 2004 formaret.

320 2017 395 2048 Cum
414 2018 613 2056 prioilcqium
638 2018 741 2047 minus
763 2020 790 2047 et
809 2018 960 2058 fortassis
982 2017 1074 2047 etiam
1095 2017 1197 2048 Cessio
1220 2017 1422 2047 donationum
1445 2017 1473 2046 ei
1496 2016 1558 2046 iam
1582 2016 1625 2046 ad
1640 2025 1753 2046 mamis
1768 2017 1851 2052 esset,
1874 2015 1960 2046 liaud

318 2069 430 2098 mirum
457 2071 508 2106 cst,
539 2069 619 2107 quod
649 2069 738 2098 initio
766 2071 794 2098 et
819 2069 878 2107 fini
908 2069 1008 2107 operis
1036 2068 1086 2097 sai
1111 2067 1248 2108 formum
1277 2067 1456 2105 diplomatis
1484 2067 1567 2097 dedit
1591 2069 1711 2106 totaque
1734 2066 1899 2097 enuntiata
1922 2076 1960 2096 ex

318 2120 382 2150 illis
406 2121 563 2149 inutuutus
585 2122 638 2151 est.
686 2120 849 2150 Tractatns
871 2130 988 2158 quoquc
1011 2119 1047 2149 de
1069 2119 1238 2149 Hadriano
1256 2119 1284 2149 I.
1308 2128 1402 2157 aqens
1424 2118 1453 2148 ci
1476 2119 1639 2149 materiam
1659 2118 1812 2156 praebuit.

420 2171 528 2201 Restat
557 2173 590 2201 ut
622 2171 657 2200 dc
686 2171 830 2210 sontibus
862 2172 1076 2209 siqmentoram
1108 2170 1236 2200 istorum
1267 2169 1416 2200 dicamus.
1467 2168 1515 2199 De
1540 2169 1707 2208 privileqio
1730 2169 1844 2200 Leonis
1866 2168 1958 2200 VIII.

318 2223 434 2252 minore
469 2222 516 2252 nil
549 2222 702 2253 habemas,
759 2222 896 2260 Reliqua
929 2221 989 2251 duo
1021 2221 1174 2251 nonnulla
1203 2231 1218 2251 e
1241 2220 1337 2251 Libro
1366 2220 1542 2259 pontificati
1564 2220 1703 2251 liausisse
1726 2220 1879 2257 videntur,
1907 2219 1960 2249 sed

318 2274 422 2304 omnia
454 2284 531 2313 qaae
564 2274 693 2304 tradant
727 2273 872 2303 historica
902 2273 977 2303 adco
1008 2272 1138 2312 confusa
1167 2274 1194 2302 et
1218 2281 1368 2310 peruersa
1391 2273 1472 2308 sant,
1506 2273 1541 2301 ut
1562 2271 1690 2310 difficile
1714 2271 1754 2301 sit
1776 2270 1958 2307 diiudicata,

320 2328 422 2355 atram
456 2325 536 2355 liaiic
570 2326 683 2356 librum
714 2326 821 2364 ipfflcm,
855 2335 898 2355 an
928 2336 987 2363 per
1018 2325 1151 2355 medium
1182 2324 1336 2363 quoddam
1365 2324 1575 2355 adhibuerint.
1630 2324 1714 2363 Qicae
1740 2324 1772 2353 in
1795 2322 1961 2363 privithio

319 2378 433 2407 maiore
467 2378 611 2416 lequntur
639 2378 675 2407 dc
700 2377 915 2416 Lanqobardis
945 2379 972 2407 et
1002 2377 1037 2406 de
1068 2376 1188 2406 Karoto
1217 2376 1346 2415 Illaqno,
1379 2385 1467 2414 aeqre
1497 2375 1539 2405 ad
1567 2374 1687 2415 fontem
1715 2376 1829 2405 certum
1857 2373 1962 2404 reduci

316 2431 454 2467 possunt.
509 2428 556 2458 De
582 2429 714 2467 seriptis,
749 2438 827 2466 qaue
854 2429 974 2459 auctori
1004 2427 1161 2466 primiani
1191 2427 1318 2457 maioris
1345 2426 1509 2457 materiam
1532 2426 1753 2466 praebuerunt,
1789 2424 1961 2455 doctissime

319 2481 377 2519 eqit
408 2481 511 2511 Floss.
570 2481 630 2520 (litii
663 2481 814 2519 imprimis
843 2480 1072 2515 ‹iiiiinn‘aliu'rtit
1104 2480 1206 2519 capita
1232 2480 1374 2515 11-18‚
1408 2478 1460 2508 ubi
1490 2477 1595 2516 aqitur
1623 2477 1658 2506 de
1679 2476 1772 2515 (lestis
1796 2475 1918 2506 Ottonis
1932 2475 1959 2511 I,

321 2533 500 2572 respondere
527 2532 672 2570 Cataloqo
690 2532 872 2570 pontificum
895 2531 1011 2561 saccali
1028 2531 1066 2567 X,
1092 2541 1179 2569 quem
1201 2530 1471 2561 Continuationem
1496 2528 1587 2558 Libri
1604 2527 1797 2566 pontificalis
1819 2526 1957 2557 dicunt³.

320 2584 363 2614 At
385 2594 546 2622 perperam
569 2584 723 2622 opinatus,
754 2583 952 2621 priviieqiuni
983 2592 1045 2612 esse
1072 2582 1250 2620 qenuinam,
1286 2582 1372 2611 errat
1400 2580 1492 2610 etiam
1522 2579 1556 2609 in
1579 2588 1611 2609 eo
1634 2578 1715 2617 quod
1739 2577 1922 2616 Cataloqum
1944 2587 1959 2607 e

317 2635 480 2674 pririleqio
503 2634 642 2664 inussisse
665 2634 748 2665 dicit.
794 2634 920 2663 Rectius
942 2634 1053 2663 statuit
1075 2635 1200 2663 econtra
1226 2632 1273 2662 vir
1296 2631 1324 2661 d.
1349 2630 1548 2667 I‘Vattericli4,
1577 2631 1740 2667 utrumque
1764 2628 1852 2658 tertio
1871 2627 1960 2668 fonte

427 2729 448 2752 1*
474 2728 533 2752 ‘Die
561 2728 726 2759 It'ntslelzunq
754 2727 800 2751 ‹ler
827 2726 991 2758 onyeblichcn
1018 2725 1171 2757 I'ririleqien
1195 2725 1263 2750 Leos
1289 2724 1367 2749 VIII.
1392 2724 1439 2755 fur
1463 2724 1522 2748 (mo
1541 2723 1562 2748 I.
1607 2722 1760 2753 Proqramm
1777 2720 1823 2746 der
1842 2719 1960 2745 Laudes-

324 2771 531 2795 t›lm-rculsvhnle
555 2779 581 2794 :a
598 2771 732 2795 Prossnit:
746 2770 770 2794 in
790 2769 917 2794 Melzi-0117.
942 2772 1015 2794 187⁹.
1086 2770 1112 2801 2)
1131 2768 1167 2793 ed.
1182 2768 1212 2793 de
1229 2767 1398 2792 Heinemann
1412 2766 1517 2791 ‘Libelli
1530 2765 1561 2791 de
1575 2765 1625 2790 litc'
1642 2766 1663 2796 I,
1679 2767 1734 2789 432.
1797 2765 1824 2793 3)
1845 2763 1871 2788 V.
1885 2762 1960 2795 apad

333 2813 477 2845 lt'ulliriele,
499 2813 666 2844 ΔἸἰυιίιγῖσιιηι
688 2813 764 2838 Rom.
785 2813 857 2838 ritae*
877 2813 898 2845 J,
914 2817 945 2838 45
954 2821 988 2845 sq.
1077 2813 1103 2844 4)
1123 2813 1138 2837 l.
1152 2820 1171 2837 e.
1188 2821 1214 2844 p.
1229 2815 1262 2836 46
1283 2814 1334 2836 not.
1350 2815 1385 2841 16,
1401 2819 1430 2843 p.
1446 2814 1495 2835 654
1514 2812 1566 2834 not.
1584 2813 1601 2834 1.

1980 744 2004 762 10

1982 1000 2004 1017 15

1983 1259 2008 1277 20

1985 1514 2009 1532 25

1986 1771 2011 1789 30

1986 2024 2009 2042 35

1985 2279 2010 2297 40

1985 2533 2010 2551 45

1988 2814 2012 2832 50
