2205 3072
277 703 312 723 Γ»
328 706 352 723 39

270 755 311 774 les.
329 757 352 774 [vss

379 143 415 179 7g4
793 141 954 166 HEINHICI
977 141 1007 166 ll.
1033 139 1354 165 ct›Ns‘1¹1T15'1'10N1‹]s.
1387 140 1460 164 1022).
1492 139 1537 164 Nr.
1551 138 1591 164 31.

378 227 595 258 detrimentari
620 236 793 267 eorumque
819 227 999 257 functiones
1026 227 1176 257 minorari
1201 229 1233 256 et
1258 225 1454 266 reipublicae
1480 224 1653 265 vectigalia
1676 223 1834 261 defutura,
1859 223 1932 264 quia
1955 223 2011 254 filii

377 288 542 308 servorum
574 289 614 308 ex
647 278 756 308 liberis
794 278 979 309 mulieribus
1018 277 1109 308 liberi
1138 276 1343 307 recedebant.
1402 275 1466 306 Sed
1503 277 1675 316 imperator
1702 274 1950 305 discretissimus
1980 274 2012 305 in

377 339 545 359 commune
577 329 724 360 omnibus
760 330 944 362 consulens.
977 329 1121 370 generali
1151 329 1236 369 lege,
1268 328 1367 358 multa
1392 327 1558 369 imposita7
1588 326 1755 368 praecepit
1786 329 1818 356 et
1845 325 2011 367 praecipit,

377 381 459 410 tilios
493 390 657 411 servorum
690 384 815 421 patrum
850 392 891 411 ex
920 381 1028 411 liberis
1058 381 1154 411 etiam
1184 379 1386 412 mulieribus.
1421 389 1483 409 non
1514 382 1649 408 matrum
1683 376 1737 408 sed
1767 380 1891 418 patrum
1921 377 2012 419 sequi

378 435 533 462 naturam.
585 431 696 472 Longo
728 432 820 462 oeulo
849 433 896 462 vir
920 432 1133 467 lastinianus,
1165 431 1301 461 nominis
1326 430 1395 471 ipso
1422 429 1589 471 privilegio
1614 429 1728 460 merito
1753 429 1873 465 iustus,
1905 428 2012 459 futura

378 482 489 513 videns
523 482 722 513 dominorum
753 483 932 525 dispendia.
965 484 989 513 si
1020 483 1076 513 filii
1110 493 1285 516 servorum,
1316 482 1389 522 quia
1422 492 1462 512 ex
1491 481 1591 512 libero
1623 485 1715 511 utero
1746 481 1886 514 exirent.
1920 480 2013 511 liberi

378 534 513 564 abirent.
561 534 594 564 Si
618 545 693 575 ergo
711 535 769 565 hoc
788 534 974 565 conceditur
990 534 1210 565 saecularibus
1229 537 1359 575 propter
1376 533 1635 564 indemnitatem,
1661 543 1717 562 eur
1739 542 1799 562 non
1818 531 2014 573 permittitur

378 585 533 616 eeclesiae
558 588 687 626 propter
711 586 882 616 utilitatem
907 590 939 617 et
963 586 1211 616 necessitatem?
1236 607 2012 616 .........................

480 636 542 672 Qui
566 647 640 678 ergo
666 638 819 668 iustitiam
844 637 906 668 Dei
930 638 1036 678 palam
1060 637 1216 678 intrepidi.
1234 640 1381 668 metuunt
1405 636 1603 671 adnuntiare.
1630 646 1725 666 canes
1751 635 1828 665 muti
1853 638 1927 665 sunt
1950 645 2012 665 non

381 688 523 718 valentes
548 688 674 719 latrare.
722 689 772 719 An
797 699 859 719 non
885 689 915 719 in
934 689 1071 719 eeclesia
1087 700 1182 719 canes
1201 688 1279 718 muti
1297 688 1371 718 faeti
1391 692 1464 718 sunt
1482 687 1687 718 sacerdotes?
1727 687 1777 717 An
1796 697 1858 717 non
1877 686 2012 717 verboso

381 739 526 769 exercitu
552 742 673 769 tantum
692 740 861 770 verborum
879 740 1011 771 clamosi
1029 741 1059 770 in
1078 740 1205 781 populo,
1231 740 1298 770 sine
1317 740 1383 770 sale
1402 739 1512 781 palatii
1531 739 1664 780 palatini
1686 739 1761 769 faeti
1780 742 1854 769 sunt
1870 737 1991 768 iudices
2001 741 2013 767 '.'

378 789 568 821 Sacerdotes
593 791 677 821 enim
704 790 764 821 Dei
789 794 919 832 propter
947 791 1027 821 filios
1053 791 1256 821 sacerdotum
1282 794 1313 821 et
1338 791 1536 826 elericorum,
1566 801 1645 831 quos
1672 790 1826 821 libertare
1852 789 2013 822 incassum

378 841 561 879 moliuntur7
586 842 663 872 iram
683 842 744 873 Dei
769 843 909 874 scienter
933 843 1099 873 incurrunt
1117 846 1158 875 01.
1183 843 1333 873 libertate
1350 843 1447 873 animi
1465 842 1592 875 amissa.
1618 842 1701 872 servi
1719 842 1798 872 fiunt
1814 840 2013 872 diabolorum

378 904 431 934 pro
457 893 529 923 filiis
547 893 746 925 elericorum.
787 893 828 924 Et
846 898 964 925 sortem
982 894 1054 932 Dei7
1079 905 1097 924 a
1115 905 1176 935 qua
1193 894 1270 925 cleri
1288 897 1451 924 vocantur.
1477 893 1659 935 perdentes.
1685 894 1753 935 ipso
1777 893 1874 924 etiam
1892 892 2013 923 honore

379 944 551 975 sacerdotii
576 956 734 976 canonum
758 946 830 986 lege
857 946 1060 976 damnantur:
1095 946 1156 976 iam
1183 945 1267 987 apud
1291 945 1396 976 Deum
1422 950 1509 976 certo
1534 945 1681 986 depositi.
1705 945 1781 976 lieet
1804 948 1878 976 ante
1903 944 2012 975 oculos

378 996 542 1027 hominum
567 996 735 1028 videantur
760 998 939 1039 prosperari
965 1002 996 1028 et
1021 998 1050 1027 in
1075 1001 1208 1038 accepto
1235 998 1356 1028 honore
1381 997 1420 1027 ad
1447 1001 1555 1028 votum
1580 997 1705 1028 extolli.

480 1047 608 1078 Iudices
641 1052 748 1079 autem
778 1060 839 1079 non
869 1049 1064 1081 iudicantes.
1095 1049 1189 1079 immo
1218 1049 1433 1084 iudaizantes.
1464 1060 1521 1090 pro
1553 1049 1626 1080 filiis
1657 1050 1861 1082 elericorum.
1892 1059 1972 1090 quos
1996 1060 2015 1079 a

376 1099 531 1130 famulatu
563 1100 720 1131 ecelesiae
749 1100 956 1132 abstrahunt.
993 1104 1023 1131 ct
1053 1101 1203 1131 honorem
1234 1101 1345 1142 palatii
1378 1101 1503 1141 legibus
1532 1100 1671 1142 perdunt
1703 1104 1735 1131 et
1759 1101 1915 1131 rationein
1943 1103 2015 1141 post

352 1158 354 1161 ’
376 1154 525 1185 mortem,
551 1151 611 1181 nisi
636 1151 685 1182 hic
710 1152 909 1193 poenitentia
933 1151 1121 1184 liberentur,
1149 1152 1314 1182 verissime
1337 1152 1482 1183 reddunt.
1530 1152 1650 1182 Verum
1676 1153 1701 1183 si
1726 1152 1908 1193 ignorantia
1932 1151 2013 1183 deli-

376 1206 526 1243 querunt.
558 1207 714 1244 quaerant
738 1204 942 1234 eanonizatos
968 1204 1138 1244 magistros
1162 1206 1193 1233 et
1217 1203 1396 1233 scholarum
1423 1203 1564 1234 remedio
1590 1214 1720 1234 sensum
1745 1204 1940 1245 captivatum
1964 1204 2013 1234 vel
2041 1216 2052 1234 ἱ·

376 1253 533 1284 redimant
565 1255 615 1285 vel
652 1265 715 1285 non
751 1254 858 1285 datum
889 1255 1057 1296 accipiant.
1114 1255 1147 1285 Si
1181 1259 1289 1286 autem
1320 1255 1426 1285 studio
1459 1255 1540 1285 bene
1570 1255 1701 1285 inventa
1732 1259 1763 1285 et
1793 1255 1872 1285 scita
1897 1254 2013 1296 depra-

377 1309 505 1343 varunt7
541 1311 670 1336 currant
703 1306 742 1337 ad
777 1307 915 1337 celerem
948 1311 980 1337 et
1012 1306 1329 1347 superabundantem
1358 1306 1611 1337 misericordiam
1641 1306 1717 1339 Dei.
1753 1307 1806 1348 qui
1835 1317 1891 1348 pro
1926 1309 2014 1338 certo

376 1357 506 1398 corrigit
543 1358 741 1398 poenitentia
779 1358 863 1399 quod
898 1358 1056 1389 commisit
1089 1359 1309 1400 praesumptio
1346 1362 1376 1389 et
1415 1359 1583 1400 impudens
1621 1359 1770 1400 apposuit
1805 1358 2013 1399 negligentia.

378 1408 420 1438 Et
444 1411 556 1439 reve'ra
588 1420 705 1450 magna
734 1410 892 1440 iudicibus
923 1421 1001 1451 opus
1035 1414 1083 1440 est
1114 1411 1328 1451 poenitentia.
1361 1411 1412 1452 qui
1439 1411 1640 1452 impudentes
1667 1411 1825 1442 clerorum
1850 1414 1882 1441 et
1906 1421 2013 1441 saeer-

377 1460 486 1491 dotum
518 1461 649 1492 lenones
678 1462 782 1492 effecti
813 1462 853 1493 ad
882 1462 963 1492 hanc
995 1462 1196 1493 devenerunt
1220 1462 1444 1503 ignominiam.
1471 1467 1503 1493 ut
1528 1463 1610 1493 sicut
1634 1462 1807 1493 daemones
1832 1462 1870 1493 de
1894 1461 2013 1504 gaudio

376 1513 407 1542 111
433 1513 633 1554 supplicium,
659 1513 702 1543 ita
726 1513 846 1544 iudices
870 1513 908 1544 de
935 1514 1053 1555 palatio
1079 1513 1252 1545 ceciderint
1277 1515 1307 1544 in
1333 1515 1536 1545 lenocinium.
1583 1515 1633 1544 An
1659 1525 1721 1544 non
1746 1514 1848 1545 eleros
1866 1514 1904 1545 ad
1922 1514 2015 1555 lupa-

376 1564 463 1594 naria
486 1565 623 1595 invitant
647 1569 679 1596 et
704 1566 793 1606 quasi
819 1565 859 1596 ad
883 1570 993 1607 stupra
1018 1570 1146 1606 cogunt.
1172 1567 1223 1607 qui
1254 1567 1327 1596 filiis
1352 1576 1462 1597 00111111
1488 1566 1669 1597 libertatem
1695 1569 1843 1597 mutuant
1867 1569 1899 1597 et
1922 1566 2014 1597 here-

378 1615 511 1646 ditatem
543 1617 750 1657 promittunt?
803 1618 837 1648 Si
867 1618 978 1659 utique
1004 1618 1079 1649 cleri
1106 1618 1276 1649 crederent
1306 1618 1388 1649 tilios
1414 1629 1487 1649 suos
1513 1618 1571 1648 hae
1596 1618 1670 1659 lege
1696 1618 1884 1650 servituros.
1916 1629 2015 1659 seque

376 1667 478 1708 ipsos.
515 1671 549 1697 ut
578 1672 651 1698 sunt
681 1668 862 1709 deponendi
888 1669 1062 1700 seeundum
1095 1670 1282 1701 Nicaenum.
1314 1670 1457 1711 regulam
1489 1681 1646 1701 canonum
1678 1670 1859 1703 matricem,
1894 1670 2014 1711 passim

376 1718 522 1750 viderent
557 1719 734 1761 depositos.
770 1721 808 1751 ad
840 1732 894 1751 eor
928 1722 1051 1752 confusi
1085 1721 1154 1752 Deo
1192 1722 1372 1752 medicante
1405 1722 1546 1752 redirent
1577 1725 1609 1753 et
1636 1723 1743 1752 forsan
1774 1733 1792 1752 a
1826 1722 2014 1763 paganismo

377 1771 505 1801 reveriti
529 1772 721 1813 quandoque
746 1777 920 1803 cessarent.
966 1773 1059 1814 lpsae
1078 1784 1205 1815 quoque
1222 1784 1369 1804 curraces
1389 1774 1577 1805 meretrices
1595 1774 1734 1804 futuram
1753 1784 1861 1804 seeum
1876 1773 2014 1804 filiorum

377 1826 409 1852 et
436 1833 524 1852 suam
549 1823 739 1864 colligentes
768 1824 975 1864 ignominiam
1002 1825 1159 1855 clerorum
1184 1825 1401 1856 declinassent
1425 1826 1601 1866 periculum
1628 1831 1659 1856 et
1683 1826 1713 1856 in
1736 1825 1891 1856 laieorum
1913 1825 2012 1856 demi-

376 1874 533 1914 grandum
558 1885 628 1905 esse
654 1875 889 1907 deliberassent
914 1877 1135 1918 patrocinium.

478 1926 599 1957 Omnes
624 1927 720 1967 igitur
745 1927 799 1957 filii
825 1931 857 1957 et
881 1927 963 1958 filiae
989 1929 1127 1959 omnium
1153 1929 1351 1961 clericorum.
1377 1930 1428 1969 qui
1452 1933 1544 1959 sunt³¹
1570 1928 1608 1959 de
1634 1929 1756 1959 familia
1781 1929 1949 1960 eeclesiae.
1974 1928 2013 1960 de

375 1987 576 2017 quacumque
608 1978 709 2008 libera
738 1979 803 2008 nati
835 1979 966 2011 fuerint.
998 1980 1047 2010 vel
1077 1991 1176 2011 uxore
1206 1980 1254 2010 vcl
1279 1980 1473 2018 concubina7
1504 1981 1578 2021 quia
1601 1985 1748 2011 neutrum
1773 1992 1831 2011 nee
1855 1981 1931 2011 licet
1955 1991 2014 2011 nee

376 2028 463 2058 licuit
489 2039 547 2059 nec
573 2029 689 2061 livebit.
716 2030 799 2060 servi
825 2041 901 2061 suae
927 2034 1020 2061 erunt
1045 2031 1203 2062 eeclesiae
1230 2032 1259 2061 111
1286 2032 1414 2062 saccula
1441 2032 1655 2064 saeculorum.
1696 2031 1922 2063 Conticeseant
1939 2042 2014 2073 ergo

375 2079 476 2119 impii.
511 2080 624 2110 saltem
655 2081 683 2110 in
718 2081 859 2122 publico.
896 2086 927 2111 ct
952 2082 1040 2112 stulti
1065 2082 1237 2123 aliquando
1265 2083 1392 2123 sapiant
1422 2087 1453 2113 et
1478 2083 1614 2124 ineptire
1640 2083 1689 2114 vel
1714 2084 1899 2114 imminente
1925 2084 2013 2114 senio

375 2131 436 2160 iam
462 2130 642 2161 dediscant:
668 2132 727 2162 hoc
753 2133 903 2164 scientes.
929 2133 988 2164 hoc
1014 2134 1238 2165 inviolabiliter
1262 2138 1418 2175 perpetuo
1444 2139 1603 2166 tenentes.
1629 2136 1701 2176 quia
1729 2136 1754 2166 si
1778 2135 1835 2165 filii
1860 2135 2013 2166 laieorum

375 2193 539 2212 servorum
569 2183 724 2214 eeclesiae
755 2195 793 2214 ex
824 2184 932 2215 liberis
962 2185 1116 2216 uxoribus
1150 2186 1309 2217 serviunt.
1340 2187 1438 2216 multo
1472 2187 1573 2227 magis
1606 2187 1660 2217 filii
1691 2187 1831 2217 onmium
1855 2187 2012 2218 clerorum

375 2244 538 2264 servorum
573 2235 727 2265 ccclesiae
759 2247 797 2265 ex
831 2236 930 2266 libera
965 2237 1143 2268 concubina
1171 2238 1330 2278 procreati
1363 2238 1445 2268 servi
1476 2249 1552 2269 suae
1577 2242 1671 2269 erunt
1696 2239 1872 2273 ecclesiae.
1908 2249 2012 2279 neque

375 2285 447 2315 inde
478 2286 566 2316 exire
597 2285 774 2319 debebunt.
807 2288 880 2328 quiav
905 2288 1097 2319 adulterium
1122 2289 1161 2319 ab
1187 2290 1272 2319 omni
1304 2289 1422 2319 inundo
1448 2289 1633 2320 damnatum
1662 2290 1740 2321 nulli
1765 2300 1915 2331 umquam
1940 2300 2011 2331 pro-

376 2337 433 2366 11ιί1
457 2347 515 2367 1100
540 2347 666 2367 servum
691 2349 709 2367 a
734 2339 806 2379 iugo
831 2340 1008 2380 prementis
1034 2341 1199 2373 liberavit.
1232 2341 1328 2371 immo
1352 2341 1488 2372 liberum
1515 2342 1644 2372 servitio
1667 2342 1803 2383 turpiter
1821 2341 2013 2382 subiugavit.

378 2387 518 2428 Ideoque
544 2389 630 2418 nullo
656 2392 799 2431 tempore
824 2391 979 2421 honorem
1005 2396 1059 2422 aut
1084 2392 1278 2426 libertatem.
1305 2393 1360 2423 scd
1386 2404 1512 2423 onmem
1538 2393 1744 2434 ignominiam
1770 2396 1802 2423 et
1827 2393 2012 2424 servitutem

375 2439 458 2479 apud
485 2439 682 2470 Christianos
708 2445 739 2471 et
764 2452 905 2482 paganos
931 2454 1057 2484 semper
1082 2443 1259 2484 accepisse.
1294 2448 1323 2473 et
1349 2448 1438 2474 aetas
1462 2444 1569 2485 prodit
1594 2448 1625 2475 et
1650 2444 1763 2485 stylus.
1811 2444 1881 2474 Sint.
1905 2444 2012 2484 itaque

375 2491 469 2521 huius
494 2491 686 2522 conditionis
717 2493 771 2523 tilii
796 2497 827 2524 et
853 2495 935 2524 servi
962 2498 1003 2527 et.
1035 2495 1059 2524 si
1084 2499 1194 2535 posset
1217 2494 1288 2527 dici.
1314 2496 1481 2527 serviores.
1507 2496 1559 2536 qui
1585 2496 1733 2526 omnibus
1759 2495 1828 2526 aliis
1853 2496 1955 2527 servis
1981 2496 2012 2527 in

376 2542 538 2572 nascendo
563 2544 633 2583 lege.
659 2543 764 2575 divina
789 2548 820 2575 et
843 2545 982 2575 humana
1007 2546 1182 2587 probantur
1206 2546 1414 2586 indigniores.
1462 2547 1605 2582 Quorum
1631 2551 1749 2588 patres,
1775 2551 1809 2578 ut
1832 2547 1935 2578 eleros
1952 2547 2009 2577 im-

376 2593 519 2634 pudicos,
545 2594 583 2624 ab
609 2596 747 2626 eeclesia
772 2596 871 2626 abicit
892 2597 1030 2627 eeclesia
1057 2608 1174 2638 eosque
1199 2597 1364 2638 depositos
1390 2598 1509 2628 servire
1536 2598 1593 2628 sibi
1618 2602 1652 2628 ut
1677 2599 1822 2629 forenses
1848 2599 1877 2629 in
1903 2598 2013 2629 curiali

375 2644 449 2675 facit
480 2646 693 2686 impudentia:
725 2652 843 2678 matres
874 2658 964 2678 vere.
996 2652 1108 2689 utpote
1139 2659 1195 2689 pro
1224 2648 1380 2679 adulterio
1407 2649 1535 2679 vendita
1560 2649 1706 2681 libertate
1731 2650 1935 2685 ancillantes.
1961 2650 2013 2680 lex

374 2695 480 2739 divina
505 2701 536 2727 et
560 2697 698 2728 humana
722 2699 809 2739 prins
834 2699 864 2729 in
889 2700 956 2730 foro
982 2700 1118 2740 castigat
1142 2703 1173 2730 et
1197 2703 1310 2741 postea
1334 2700 1431 2731 exilio
1456 2703 1610 2733 macerat.

475 2764 520 2790 34.
546 2766 569 2795 “l
589 2776 651 2798 quos
670 2768 707 2791 crl.

2042 698 2065 716 lo

2042 960 2065 978 11)

2041 1475 2065 1493 ‘25

2042 1735 2066 1753 30

2041 1995 2065 2013 35

2041 2252 2065 2270 40

2040 2509 2063 2527 45

2042 2778 2066 2799 50
