2205 3072
411 160 473 197 2’56
823 163 1007 190 FRIDERICI
1024 165 1044 191 I.
1064 162 1385 191 CONSTITUTIONES.
1416 162 1490 188 1159.
1520 161 1568 186 Nr.
1583 161 1640 187 185.

410 255 497 282 moto
527 252 612 282 omni
643 251 780 282 seculari
811 251 944 287 iudicio,
976 251 1036 282 hoc
1065 255 1130 282 tam
1160 262 1313 293 magnum
1344 249 1524 281 aecclesiae
1548 249 1714 290 negotium
1740 249 2053 280 aecclesiasticarum

411 307 535 335 tantum
565 314 775 345 personarum
806 303 967 334 sententia
990 303 1034 333 ita
1058 304 1211 344 sopiatur.
1242 306 1277 334 ut
1309 306 1340 333 et
1364 301 1433 332 Deo
1458 301 1585 331 debitus
1618 300 1736 331 exinde
1759 300 1863 331 honor
1886 300 2053 332 deferatur

412 360 444 387 et
467 356 625 386 aecclesia
649 355 795 386 Romana
819 365 877 385 sua
900 355 1084 396 integritate
1109 358 1141 386 et
1167 355 1291 385 iusticia
1309 365 1371 384 non
1394 353 1495 395 possit
1512 363 1530 382 a
1547 362 1706 393 quoquam
1724 352 1851 393 privari,
1877 352 1928 383 vel
1947 355 2049 383 status

411 407 521 444 Urbis,
546 418 628 448 quae
654 412 750 448 caput
774 407 899 448 imperii
922 407 1021 437 nostri
1048 410 1104 441 est,
1130 407 1314 448 inquietari.
1361 405 1499 436 Proinde
1524 404 1696 435 eruditioni
1712 407 1841 434 vestrae
1859 404 2048 435 mandamus

412 463 443 490 et
468 470 508 490 ex
533 462 624 500 parte
641 458 703 489 Dei
727 458 958 500 omnipotentis
984 463 1015 489 et
1039 459 1139 489 totius
1157 458 1337 489 aecclesiae
1356 457 1534 488 catholicae
1551 455 1777 498 praecipimus,
1802 460 1837 486 ut
1853 456 1893 486 ad
1911 456 2049 487 eandem

412 511 532 541 curiam
557 510 623 541 sive
649 513 843 540 conventum
869 511 1020 546 veniatis,
1051 510 1365 541 aecclesiasticarum
1396 518 1608 550 personarum
1635 508 1828 539 sententiam
1853 507 1995 538 audituri
2020 511 2052 540 et

411 562 580 603 recepturi.
626 561 733 593 Testis
759 562 843 592 enim
867 562 959 593 nobis
984 565 1032 593 est
1056 562 1153 599 Deus,
1179 562 1253 603 quia
1277 562 1306 592 in
1334 561 1392 592 hac
1418 561 1506 591 curia
1530 570 1588 591 nec
1613 570 1722 590 amore
1742 570 1800 591 nec
1824 559 1897 590 odio
1916 559 2051 590 alicuius

411 624 567 655 personae
597 613 766 655 quicquam
799 613 885 643 aliud
916 614 1079 654 querimus
1113 624 1207 654 quam
1236 613 1388 644 honorem
1414 612 1476 643 Dei
1509 616 1541 642 et
1572 611 1750 642 aecclesiae
1783 621 1861 642 suae
1885 612 2053 643 unitatem.

411 664 504 700 Quod
530 665 555 695 si
580 664 619 695 ad
644 668 709 695 tam
733 665 893 696 celebrem
919 665 1101 696 aecclesiae
1127 670 1319 696 conventum
1344 663 1590 694 examinationis
1615 674 1712 694 causa
1736 664 1847 694 venire
1872 663 2051 701 volueritis,

412 717 572 747 karissimi
597 716 760 758 principes
785 717 885 747 nostri
911 721 942 748 et
966 717 1146 748 aecclesiae
1171 716 1353 747 katholicae
1378 716 1597 747 Herimannus
1622 714 1807 752 Ferdensis,
1833 714 1951 746 Daniel
1970 714 2050 745 Bra-

413 769 522 810 gensis
559 772 668 810 patres
702 772 734 799 et
764 768 907 810 episcopi
939 768 1160 801 venerabiles,
1196 779 1275 809 quos
1306 768 1345 799 de
1377 767 1496 809 palatio
1526 771 1636 798 nostro
1661 766 1700 797 ad
1725 777 1781 798 vos
1805 767 2052 805 transmisimus,

412 830 475 850 una
499 831 569 850 cum
600 820 717 851 comite
742 821 894 861 palatino.
927 821 1167 861 consanguineo
1192 824 1312 855 nostro,
1344 820 1479 861 aliisque
1504 819 1620 860 legatis
1645 819 1764 849 nostris
1790 829 1937 849 securum
1962 818 2054 849 vobis

412 871 606 902 conductum
630 871 831 913 prestabunt.
879 872 912 902 Si
937 882 1013 903 vero
1039 872 1198 902 iusticiam
1216 872 1278 903 Dei
1303 876 1335 903 et
1360 871 1540 902 aecclesiae
1564 871 1596 901 in
1622 874 1687 901 tam
1704 870 1874 911 sollempni
1892 873 2054 901 conventu

411 923 556 964 recipere
586 924 768 958 nolueritis,
800 923 907 954 videat
930 923 1020 954 Deus
1045 928 1076 954 et
1100 923 1228 954 iudicet.
1275 923 1340 954 Nos
1365 927 1483 960 autem,
1508 922 1608 964 ipsius
1633 922 1763 952 favente
1788 922 1893 962 gratia
1921 922 1973 963 qui
1998 921 2053 952 dat

411 975 546 1006 salutem
573 976 713 1017 regibus,
738 976 897 1006 iusticiam
921 975 995 1013 Dei7
1020 986 1102 1017 quae
1128 976 1250 1006 nullum
1268 977 1371 1016 magis
1388 986 1482 1016 quam
1501 975 1731 1016 imperatorem
1748 973 1929 1004 Romanum
1947 972 2050 1011 decet,

410 1037 654 1068 prosequemur.

526 1146 600 1178 185.
633 1147 917 1179 RESPONSUM
940 1147 1224 1179 ALEXANDRI
1247 1148 1314 1179 III.
1344 1147 1436 1178 PER
1465 1146 1711 1179 SCRIPTUM
1738 1145 1940 1178 LEGATIS

842 1199 1165 1231 IMPERATORIS
1187 1199 1364 1230 DATUM.
1402 1200 1510 1237 (1159.
1533 1199 1626 1237 Noe.)

511 1260 720 1290 Scroaverzmt
754 1260 849 1291 Gesta
882 1260 1039 1299 pontificis
1069 1262 1192 1290 ‹metm-c
1223 1259 1358 1295 Bosmzc,
1396 1259 1450 1298 qui
1482 1259 1628 1297 scriplum
1663 1259 1712 1289 his
1744 1257 1841 1288 verbis
1872 1257 2055 1287 introducit:

410 1311 501 1342 Tunc
526 1312 720 1342 instantibus
752 1322 808 1353 pro
833 1322 989 1353 responso
1016 1311 1168 1353 predictis
1195 1311 1365 1353 episcopis.
1396 1311 1581 1341 Alexander
1605 1321 1689 1352 papa
1715 1320 1822 1340 coram
1847 1308 2052 1339 multitudine

412 1363 599 1393 clericorum
617 1367 649 1394 et
672 1363 825 1394 laicorum
844 1364 890 1394 eis
908 1364 938 1394 in
958 1364 1041 1394 hunc
1059 1363 1189 1394 niodum
1207 1363 1345 1404 scripsit.
1387 1361 1566 1401 Repetimus
1581 1361 1745 1392 editionem
1763 1361 1822 1391 1ἰῖνὶ
1839 1361 1875 1391 cl.
1894 1360 2057 1391 Dnclecsne

413 1414 465 1445 ‘Le
488 1414 582 1445 Liber
606 1414 810 1453 Pontifiealis’
835 1415 883 1451 II,
903 1426 936 1453 p.
954 1416 1025 1451 401,
1050 1415 1104 1454 qni
1128 1415 1256 1445 codicem
1277 1415 1440 1446 Gestarum
1464 1414 1498 1444 in
1520 1414 1676 1444 tabulario
1699 1413 1850 1443 Vaticano
1865 1413 2057 1443 asservatum

410 1465 644 1505 (Ziligycwztissz'tizc
667 1466 809 1496 eavussit.
835 1484 873 1488 —
898 1466 988 1504 Iaffe,
1013 1466 1087 1506 Rey.
1106 1468 1193 1506 pont.
1219 1466 1352 1497 Roman.
1376 1465 1420 1496 cd.
1438 1465 1485 1496 II.
1511 1475 1559 1496 ην.
1578 1466 1692 1495 10597.
1777 1464 1830 1504 (P.
1848 1463 1954 1501 deest.)

512 1568 579 1599 Nos
610 1570 871 1610 recognoscimus
902 1569 1055 1600 domnum
1091 1569 1320 1611 imperatorem
1353 1579 1394 1599 ex
1427 1569 1544 1599 collato
1577 1568 1636 1599 sibi
1668 1568 1776 1599 debito
1808 1567 1973 1609 dignitatis
1997 1566 2053 1596 ad-

413 1624 561 1651 vocatum
585 1631 622 1651 ac
648 1621 822 1662 specialem
847 1625 1052 1652 sacrosancte
1078 1621 1222 1651 Romane
1248 1621 1386 1652 ecclesie
1416 1620 1631 1652 defensorem.
1678 1619 1772 1651 Unde
1796 1620 1916 1661 ipsum,
1947 1618 1973 1648 si
1997 1628 2055 1659 per
2081 1630 2092 1647 ι)

412 1683 484 1703 011111
509 1683 570 1703 11011
599 1674 739 1709 steterit,
771 1684 827 1715 pre
862 1674 979 1704 ceteris
1009 1673 1207 1714 principibus
1233 1672 1318 1703 orbis
1345 1672 1541 1703 intendimus
1568 1672 1725 1703 honorare
1750 1682 1787 1702 ac
1812 1682 1870 1712 per
1894 1670 2000 1701 omnia
2024 1669 2055 1700 ei

412 1724 538 1754 deferre
562 1725 593 1754 in
618 1725 733 1766 quibus
760 1726 843 1766 regis
870 1735 980 1766 regum
1006 1725 1106 1755 honor
1131 1725 1253 1754 nullum
1278 1725 1383 1765 capiat
1408 1724 1646 1755 detrimentum.
1693 1723 1758 1756 Ubi
1782 1733 1858 1754 vero
1884 1722 2056 1763 quicquam

413 1777 549 1806 occurrit
581 1776 664 1817 quod
695 1777 816 1817 absque
846 1777 961 1807 summi
993 1776 1078 1817 regis
1109 1776 1233 1806 offensa
1263 1780 1404 1817 nequeat
1428 1776 1579 1806 effectum
1609 1775 1744 1809 habere,
1778 1775 1823 1805 sic
1848 1772 2056 1804 honorandus

413 1830 587 1871 imperator
610 1834 693 1861 terre
720 1830 854 1865 videtur,
879 1834 913 1861 ut
937 1830 990 1860 ille
1014 1830 1122 1870 potius
1147 1829 1307 1860 timeatur.
1334 1829 1416 1858 illius
1440 1827 1542 1857 honor
1565 1828 1672 1868 potius
1691 1830 1908 1863 conservetur,
1935 1825 1988 1866 qui
2006 1827 2057 1855 est

412 1893 470 1912 rex
500 1892 610 1923 regum
640 1886 671 1912 et
700 1881 845 1912 dominus
876 1881 1107 1912 dominantium
1137 1885 1168 1912 et
1196 1881 1250 1922 qui
1281 1881 1421 1911 animam
1451 1884 1482 1910 et
1507 1890 1622 1920 corpus
1648 1878 1783 1920 perdere
1810 1881 1917 1919 potest
1941 1877 1972 1907 in
1996 1887 2053 1918 ge-

413 1934 560 1964 hennam.
610 1933 765 1964 Miramur
796 1934 918 1974 itaque,
954 1932 1038 1973 quod
1062 1933 1187 1963 sincere
1211 1932 1310 1967 illum,
1344 1932 1426 1962 sicut
1451 1931 1611 1966 convenit,
1643 1930 1815 1971 diligentes
1842 1930 1967 1960 sincere
1991 1938 2057 1959 non

414 1986 570 2016 sentimus
595 1995 635 2015 ex
659 1996 695 2015 eo
720 1985 901 2016 dilectionis
926 1985 1092 2021 affectum,
1118 1988 1150 2015 et
1174 1984 1402 2015 excellentiam
1421 1983 1489 2013 eius
1506 1982 1697 2024 propensius
1722 1982 1879 2012 honorare
1897 1981 2056 2019 volentes,

413 2037 452 2067 ab
478 2048 516 2067 eo
542 2037 645 2072 nobis,
670 2037 733 2067 imo
756 2037 851 2068 beato
877 2036 973 2067 Petro
1000 2041 1032 2067 et
1057 2040 1261 2067 sacrosancte
1287 2035 1432 2066 Romane
1459 2035 1606 2069 00010310,
1632 2034 1784 2064 honorem
1811 2033 1953 2063 debitum
1978 2043 2053 2063 con-

413 2089 564 2130 spicimus
595 2089 757 2129 denegari.
810 2088 846 2118 In
876 2088 990 2118 litteris
1021 2088 1114 2125 enim,
1144 2098 1223 2129 quas
1254 2098 1295 2118 ex
1323 2090 1414 2128 parte
1447 2086 1548 2127 ipsius
1578 2086 1670 2116 nobis
1697 2086 1879 2126 nostrisque
1903 2084 2055 2115 fratribus

413 2140 583 2177 detulistis,
609 2141 669 2171 hoc
694 2141 775 2170 inter
800 2144 907 2171 cetera
932 2140 1155 2170 continebatur
1180 2149 1383 2180 expressum,
1415 2137 1500 2179 quod
1530 2139 1610 2179 ipse,
1636 2137 1745 2168 audita
1769 2137 1969 2168 dissensione
1993 2146 2054 2177 que

414 2193 443 2223 in
469 2193 608 2223 ecclesia
626 2192 771 2223 Romana
793 2195 979 2229 emerserat.
1004 2191 1043 2222 de
1069 2192 1208 2232 quinque
1226 2191 1333 2231 regnis
1351 2200 1508 2232 personas
1527 2190 1766 2221 ecclesiasticas
1790 2192 2024 2220 convocaverat
2035 2189 2055 2225 ¹,

417 2244 565 2286 [ideoque
590 2244 791 2285 precipiebat
815 2244 861 2274 eis
887 2255 928 2274 ex
952 2246 1043 2285 parte
1067 2243 1228 2284 generalis
1255 2243 1392 2274 ecclesie
1417 2246 1452 2272 ut
1474 2242 1505 2272 in
1523 2245 1635 2272 octava
1653 2241 1804 2283 epyfanie
1822 2240 1906 2282 apud
1924 2240 2057 2281 Papiam

415 2296 624 2327 convenirent
653 2295 691 2325 ad
724 2296 792 2326 eius
823 2296 1035 2336 presentiam,
1071 2295 1211 2325 audituri
1243 2298 1274 2325 et
1302 2294 1460 2325 servaturi
1489 2293 1573 2335 quod
1604 2294 1635 2323 in
1664 2293 1719 2324 illa
1748 2292 1835 2323 curia
1859 2289 2057 2332 dictaretur]-

416 2348 451 2378 In
482 2358 542 2389 quo
578 2348 725 2378 nimirum
763 2348 857 2388 longe
887 2358 905 2377 a
937 2346 1168 2377 consuetudine
1198 2345 1462 2388 predecessorum
1497 2355 1627 2375 suorum
1658 2344 1832 2376 recessisse
1864 2343 1992 2374 videtur
2024 2345 2056 2373 et

416 2399 579 2440 dignitatis
608 2410 664 2430 sue
694 2399 866 2430 terminum
891 2399 1088 2430 excessisse.
1119 2398 1193 2428 dum
1226 2398 1294 2428 sine
1319 2397 1516 2428 conscientia
1539 2396 1677 2427 Romani
1700 2396 1860 2438 pontificis
1886 2394 2055 2425 concilium

416 2451 605 2482 convocavit
630 2455 661 2481 et
685 2462 743 2481 nos
767 2451 806 2481 ad
832 2450 1028 2492 presentiam
1054 2461 1156 2486 suam,
1182 2450 1265 2480 sicut
1289 2449 1383 2479 homo
1409 2459 1504 2490 super
1528 2459 1586 2479 nos
1612 2450 1806 2490 potestatem
1824 2447 1957 2484 habens,
1982 2456 2055 2487 pre-

416 2503 501 2544 cepit
531 2503 710 2533 convenire.
766 2502 851 2533 Sane
881 2503 973 2533 beato
1003 2502 1099 2533 Petro
1130 2505 1161 2532 et
1191 2512 1248 2542 per
1278 2511 1351 2531 eum
1380 2504 1583 2531 sacrosancte
1612 2500 1756 2530 Romane
1787 2499 1934 2534 ecclesie,
1966 2498 2056 2528 cuius

415 2555 485 2595 ipsc
509 2565 566 2596 per
589 2554 696 2585 Deum
726 2554 880 2595 magister
905 2554 1013 2585 extitit
1045 2564 1082 2584 ac
1110 2553 1272 2587 fundator,
1305 2553 1364 2583 hoc
1388 2553 1591 2594 privilegium
1615 2552 1760 2592 legitime
1785 2561 1803 2581 a
1828 2550 1957 2580 domino
1981 2548 2056 2579 Iesu

417 2606 543 2637 Christo
568 2607 752 2647 sanctisque
783 2605 927 2646 patribus
956 2605 1108 2636 traditum
1132 2608 1163 2635 et
1187 2615 1243 2646 per
1268 2615 1424 2646 prospera
1448 2608 1479 2634 et
1502 2604 1649 2640 adversa,
1676 2603 1773 2633 etiam
1798 2612 1870 2632 011111
1898 2601 2054 2632 effusione

417 2658 581 2699 sanguinis
606 2668 676 2688 cun]
701 2658 850 2699 oportuit,
875 2667 976 2698 usque
994 2657 1034 2687 ad
1052 2657 1110 2687 hec
1128 2661 1275 2697 tempora
1293 2660 1526 2693 conservatum,
1551 2658 1585 2685 ut
1602 2655 1825 2685 universarum
1843 2652 2055 2684 ecelesiarum

521 2753 544 2783 l)
568 2751 664 2776 Τρωΐας
682 2751 754 2776 Vitae
773 2750 920 2776 Alemandri
941 2750 988 2776 hoc
1010 2751 1062 2775 loco
1082 2750 1185 2783 pergit.-
1208 2750 1236 2774 et
1259 2751 1349 2775 cetera
1369 2752 1399 2775 ut
1418 2758 1500 2783 supra
1520 2757 1606 2782 usque
1626 2748 1685 2774 Hiis
1704 2747 1820 2778 auditis3
1844 2754 1925 2780 quare
1943 2754 1973 2772 ea
1990 2753 2057 2778 quac

417 2794 490 2818 [micis
511 2794 663 2819 inclusimus
678 2794 819 2826 pctirimzts
837 2802 854 2818 α
870 2802 898 2826 p.
912 2797 962 2819 400
980 2793 1101 2819 editionis
1120 2792 1341 2818 chchesnicmac.

2081 723 2104 741 10

2080 980 2103 998 15

2080 1316 2104 1334 20

2083 1887 2107 1905 30

2083 2148 2106 2167 35

2081 2410 2107 2429 40

2082 2672 2106 2690 45
