2205 3072
129 726 149 743 11]

129 984 150 1001 15

127 1256 151 1273 ’.Ὂ

587 157 748 183 HEINRICI
769 157 814 182 lv.
834 156 1156 182 etmsTlTe'riomxs.
1201 157 1274 181 1105.
1312 157 1412 182 Nau.
1764 158 1822 185 129

179 249 332 286 paternae
357 244 535 275 affectionis
561 247 592 274 et
616 243 822 274 humanitatis
847 243 932 273 circa
955 253 1013 273 nos
1038 243 1164 273 animus
1189 242 1265 272 tibif
1287 242 1346 272 fuit
1371 245 1425 272 etb'
1449 246 1508 275 est.
1534 242 1703 282 nequimus
1726 242 1821 271 aliter

178 302 282 327 tecum
307 297 390 338 loqui
417 296 465 326 vel
491 295 576 326 aliud
602 295 763 329 mandare,
788 305 882 336 quam
908 293 992 335 quod
1017 295 1088 335 ipsa
1113 293 1418 324 manifestissimae¹¹
1444 294 1488 324 rei
1515 294 1633 324 veritas
1659 293 1769 324 habet.

281 357 329 387 Tu
353 357 436 387 enim
461 357 528 398 ipse
547 356 620 390 scis.
645 356 726 386 sicut
743 355 824 396 ipsoi
850 354 977 396 publico
995 354 1217 395 experimento
1241 354 1317 384 facti
1340 353 1406 384 tuik
1433 354 1578 384 conscius
1597 365 1645 384 es:
1671 354 1820 394 qualiter.

178 409 251 439 data
276 408 344 444 ,fide
379 412 410 439 et
439 408 612 439 securitate
642 417 799 449 personae
833 411 864 437 et
888 406 1018 436 honoris
1044 406 1159 443 nostri,
1192 406 1278 436 omni
1302 406 1473 435 affectione
1499 405 1676 436 devotionis
1702 405 1819 446 promi-

178 460 257 496 sisti.
282 471 339 490 nos
364 459 481 490 ducere
504 459 704 499 Moguntiam
731 469 835 489 eoram
861 457 1060 499 principibus
1085 461 1116 487 et
1139 457 1211 487 inde
1236 467 1294 487 nos
1318 457 1535 487 securissime¹
1562 457 1714 487 reducere
1741 467 1818 497 quo-

176 522 302 553 cunque
336 511 502 543 vellemus.
554 511 624 542 Hac
657 511 775 541 fiducia
803 521 873 541 eum
909 514 1014 541 tecum
1048 510 1215 540 caritative
1247 513 1277 539 et
1307 509 1526 539 indubitanter
1556 509 1820 541 ascenderemus.

177 567 288 594 contra
318 563 425 594 datam
450 563 544 594 fidem
576 562 659 604 apud
685 562 822 603 Bingam
849 572 906 592 nos
933 562 1056 602 cepisti.
1104 560 1165 591 Ubi
1196 571 1255 591 nec
1280 565 1434 601 paternae
1460 561 1612 591 lacrimae
1637 571 1696 590 nec
1721 560 1820 601 patris

177 626 283 646 meror
307 618 365 646 et'u
390 615 535 646 tristicia.
561 619 642 656 qua¹¹
667 614 705 644 ad
724 613 823 655 pedes
842 618 912 644 tuos
930 613 1131 654 aliorumque
1149 612 1446 654 provolvebamur⁴·.
1473 617 1503 643 te
1521 613 1620 643 movit
1638 612 1676 642 ad
1695 612 1819 642 miseri-

178 666 330 705 cordiam,
353 667 429 708 quin
447 677 503 697 nos
520 677 652 707 caperes
670 670 702 696 et
720 670 848 707 captum
867 665 1055 696 mortalibus
1074 665 1211 695 inimicis
1229 664 1267 694 ad
1277 670 1289 686 ¹*
1307 664 1504 695 illudendum
1524 668 1555 694 et
1574 663 1820 694 custodiendum

179 718 338 750 traderes:
369 719 438 755 ubi.
472 719 577 748 omniq
609 728 729 758 genere
763 717 980 747 contumeliae
1015 721 1047 747 et
1076 717 1208 747 terroris
1239 716 1358 747 afflicti.
1397 716 1552 757 compulsi
1583 725 1692 746 sumus
1721 715 1822 745 ferme

177 770 285 801 venire
314 775 433 811 usque¹‘
464 769 503 800 ad
534 770 637 810 ipsum
668 769 836 799 articulum
866 769 988 798 mortis.
1043 769 1129 798 Ante
1159 768 1378 809 captivitatem
1410 768 1505 798 etiam
1536 766 1696 797 abstulisti
1730 766 1821 796 nobis

177 822 381 862 episcopatus
411 825 442 852 et
466 821 615 862 quiequid
641 820 679 851 de.
705 821 826 851 honore
851 821 940 861 regni
966 820 1096 861 potuisti
1128 824 1160 850 et
1184 819 1315 861 praedia
1342 823 1451 850 nostra
1476 823 1506 849 et
1531 819 1633 860 ipsam
1658 819 1822 849 familiam.

177 873 213 904 In
238 874 403 914 captioneS
429 883 504 903 vero
529 872 680 914 quicquid
706 873 870 903 residuum
895 876 974 909 erat,
1000 872 1111 902 etiamt
1136 872 1281 902 lanceam
1307 876 1338 901 et
1363 881 1491 901 erucem
1514 876 1546 901 et
1571 871 1678 900 omnia
1697 869 1821 910 regalia

176 925 311 966 insignia
338 926 365 955 vi
391 928 421 955 et
446 925 559 955 timore
585 925 694 955 mortis
715 928 804 954 —ut
828 925 916 966 ipse¹¹
942 925 1024 954 bene
1050 925 1113 954 seis
1137 928 1168 954 et
1194 924 1300 954 omniv
1324 924 1425 954 ferme
1443 927 1578 954 notumW
1604 930 1654 953 est
1672 922 1820 953 christia-

179 977 289 1008 nitati¹
316 996 351 999 —
379 987 397 1007 a
421 977 530 1007 nobisy
554 977 731 1013 extorsisti.
757 977 810 1007 vix
837 976 946 1006 relicta
971 977 1039 1017 ipsa
1066 976 1139 1006 vita.

280 1037 360 1068 Cum
394 1037 452 1067 lioe
483 1037 540 1068 tibi
569 1036 608 1067 de
638 1037 727 1068 nobis
760 1048 820 1067 nou
853 1037 1031 1069 sufficeret.
1069 1040 1182 1078 postea
1218 1046 1354 1077 semper.
1393 1039 1444 1066 etv
1475 1035 1658 1076 ubicunque
1692 1035 1819 1068 fuimus,

177 1089 325 1120 omnibus
355 1089 454 1120 modis
485 1089 601 1130 quibus
630 1089 775 1130 potuisti.
811 1095 883 1119 nos.Z
915 1089 1065 1130 persequi
1097 1099 1159 1118 non
1191 1088 1341 1119 cessasti.
1379 1093 1411 1118 ut
1445 1089 1493 1118 vel
1524 1087 1675 1129 perderes
1708 1086 1757 1117 vel
1783 1086 1822 1116 de

178 1152 275 1181 regno
301 1141 494 1183 expelleres.
539 1141 660 1172 Verum
696 1152 757 1171 non
788 1141 866 1171 satis
900 1141 1004 1171 mirari
1038 1152 1222 1182 possumus.
1253 1151 1315 1181 qua
1348 1140 1468 1170 ratione
1494 1140 1543 1170 vel
1568 1139 1736 1170 occasione
1763 1138 1820 1168 lioe

177 1196 241 1224 tam
267 1193 425 1224 obstinate
454 1194 563 1225 facis&
594 1204 665 1223 eum
695 1193 734 1224 de
764 1193 901 1223 domno'*
926 1203 1008 1234 papa
1033 1197 1063 1223 et
1088 1192 1127 1222 de
1154 1192 1300 1223 Romana
1332 1192 1470 1222 ecclesia
1497 1192 1553 1222 tibi
1578 1192 1666 1221 nulla
1692 1190 1822 1221 residua.

178 1246 218 1276 sit
242 1245 376 1276 occasio.

280 1296 390 1327 Nunc‘
422 1297 506 1327 enim
538 1297 647 1327 nuntio
677 1296 782 1327 domni
809 1308 912 1338 papae
938 1301 969 1327 et
998 1296 1165 1327 Romanae
1199 1296 1372 1331 ecclcsiae.
1403 1299 1433 1325 to
1466 1298 1653 1337 praesente.
1690 1293 1822 1324 obedire

177 1349 278 1390 parati
303 1348 441 1379 fuimus*l
465 1352 497 1378 et
521 1359 645 1379 sumus.
671 1359 795 1379 onmem
821 1348 963 1379 debitam
987 1348 1206 1379 obedientiam
1230 1352 1262 1378 et
1280 1347 1495 1377 reverentiam
1515 1347 1543 1377 ei
1562 1346 1825 1388 prmfsentialiter

177 1406 209 1432 et
233 1412 361 1443 semper
389 1400 544 1431 exhibere
575 1404 606 1430 ot
636 1402 768 1431 consilio
795 1401 990 1443 principum⁰
1016 1406 1047 1431 et
1071 1400 1246 1442 spiritualis
1271 1400 1372 1440 patris
1399 1399 1497 1429 nostri
1524 1398 1726 1438 lltugonisV‘
1745 1398 1821 1427 Clu-

177 1453 356 1484 niacensis¹'
382 1453 509 1483 abbatis
539 1453 737 1494 aliorumrme
767 1454 992 1494 relighisorum
1025 1453 1162 1483 virorum
1194 1452 1245 1483 etb
1277 1452 1315 1483 de
1348 1455 1432 1482 statu
1458 1451 1616 1482 eeclesiae
1642 1454 1674 1480 et
1698 1450 1822 1480 honore

134 1518 150 1535 *a
181 1505 271 1546 regni
298 1504 511 1536 libentissimo
537 1516 645 1545 agere.

128 1776 152 1792 :eo

129 2038 152 2056 35

129 2356 153 2374 4⁰

129 2572 152 2590 45

281 1557 446 1598 Rogamus
479 1560 509 1587 te
535 1568 610 1597 ergo
641 1568 696 1598 pro
722 1557 842 1587 1111111111ι
874 1557 962 1598 regni
988 1560 1019 1587 et
1044 1561 1097 1587 tuo
1122 1561 1153 1587 et
1184 1560 1320 1597 paterna
1345 1555 1519 1586 devotione
1546 1559 1579 1585 et
1604 1565 1662 1595 por
1688 1554 1824 1584 auctori-

178 1612 276 1639 tatem
309 1608 446 1639 Romani
479 1609 638 1650 pontificis
670 1613 701 1639 et
730 1609 896 1639 Romanae
929 1609 1101 1639 eeclesiae:
1137 1612 1171 1639 ut
1202 1608 1241 1639 de
1272 1608 1387 1638 iniuria
1412 1607 1504 1637 nobis
1530 1607 1619 1637 illata
1644 1606 1738 1637 etde
1765 1606 1825 1641 his,

178 1671 259 1701 quae
290 1659 380 1690 nobis
410 1660 440 1690 vi
473 1664 505 1690 ct
535 1661 651 1691 iniuste
681 1661 852 1693 abstulisti.
885 1661 1045 1691 iusticiam
1071 1661 1182 1691 facias.
1230 1661 1298 1691 Nee
1325 1671 1384 1691 non
1411 1661 1508 1690 etiam
1535 1670 1698 1700 rogamus:
1725 1662 1758 1688 ut
1786 1677 1823 1680 -

178 1723 249 1742 cum
276 1712 395 1742 nichilg
420 1713 551 1742 rationis
583 1713 640 1743 tibi
674 1713 722 1746 sit.
754 1724 852 1754 quare
886 1724 941 1743 nos
973 1713 1177 1754 persequaris
1203 1712 1362 1753 quodam¹¹
1389 1712 1480 1742 modo
1507 1730 1544 1733 —
1571 1722 1626 1741 nos
1653 1714 1686 1741 et
1711 1710 1824 1740 fideles

180 1767 305 1794 nostros
336 1774 445 1794 cesses
475 1764 639 1796 infestare.
673 1765 766 1795 immo
800 1765 965 1806 permittas
991 1775 1048 1795 nos
1079 1765 1211 1805 pacifice
1237 1768 1269 1795 et
1294 1765 1402 1805 quiete
1428 1764 1552 1796 vivere.
1584 1766 1617 1793 ut
1642 1763 1766 1803 integre
1794 1765 1825 1792 et

179 1826 249 1845 eum
276 1815 506 1856 tranquillitate
532 1816 692 1856 possimus
717 1816 823 1846 omnia
849 1827 946 1857 supra
971 1816 1056 1846 dieta
1085 1826 1249 1857 peragere.
1297 1815 1508 1856 Recognosce
1536 1815 1632 1845 etiam
1659 1818 1691 1844 et
1717 1818 1823 1844 tecum

178 1867 296 1907 cogita:
330 1867 403 1907 quia
428 1866 517 1897 Deus
547 1867 645 1898 iudex
675 1868 798 1898 iustus¹
829 1872 888 1898 est.
920 1869 970 1898 eui
1002 1868 1220 1898 commisimus
1253 1878 1382 1898 eausam
1408 1870 1552 1897 nostram
1579 1870 1609 1897 et
1634 1866 1823 1901 vindictam.

179 1918 269 1948 cuius
305 1919 419 1949 etiami
452 1918 569 1949 iudicia
604 1918 697 1949 suntk
734 1919 870 1960 abyssus
903 1920 1034 1950 multa2.
1086 1918 1259 1954 Quoniam¹
1296 1923 1580 1960 quantumcunque
1611 1928 1708 1959 super
1740 1918 1821 1947 affli-

179 1970 311 2000 ctioneln
336 1973 367 2000 et
392 1970 563 2000 infortunio
590 1974 718 2000 nosti-0¹¹
743 1971 908 2011 glorieris⁰
933 1975 965 2001 et
988 1981 1085 2012 super
1104 1971 1316 2001 humilitatem
1336 1974 1498 2000 nostram¹¹
1524 1974 1554 2000 te
1581 1969 1730 2004 extollas.
1757 1969 1821 1998 for-

181 2022 263 2052 sitan
288 2021 327 2052 de
352 2021 428 2053 sede
454 2025 562 2052 saneta
590 2033 647 2052 sua
672 2023 753 2053 inter
778 2033 828 2053 me
855 2027 887 2053 et
912 2027 942 2054 te
968 2033 1025 2052 sua
1049 2023 1191 2063 gratuita
1214 2022 1435 2052 misericordia
1458 2021 1546 2051 aliud
1564 2021 1626 2051 iam
1646 2021 1820 2052 definivitl‘.

179 2072 400 2104 intercedente
425 2073 558 2110 iustitia.
584 2084 678 2115 quam
704 2078 736 2104 tu
762 2075 831 2115 ipse
857 2074 981 2115 cogites
1007 2077 1059 2105 et⁴1
1084 2074 1247 2115 disponas.

281 2133 402 2168 Quodsi
428 2134 515 2164 nulla
532 2134 612 2164 aliar
636 2135 685 2165 vel
711 2135 895 2165 reverentia
912 2146 969 2166 seu
987 2135 1176 2166 intercessio
1194 2135 1286 2165 nobis
1305 2134 1402 2165 valet.
1428 2134 1473 2164 uti
1491 2133 1575 2174 apud
1593 2136 1643 2163 teS
1668 2132 1822 2163 iustitiam

179 2185 333 2226 consequi
357 2186 517 2227 possimus
542 2186 593 2216 vel
617 2190 652 2216 ut
676 2188 766 2217 tuaet
790 2187 1025 2227 persecutionis
1050 2187 1192 2228 impetus
1218 2190 1333 2223 cesset,
1358 2185 1419 2216 adu
1445 2185 1504 2215 hoc
1528 2185 1612 2215 idem
1638 2184 1820 2215 Romanum

179 2237 374 2278 pontificem,
399 2241 542 2268 sanctam
568 2241 599 2268 et
623 2238 838 2269 universalem
863 2237 1042 2268 Romanam
1068 2238 1178 2268 sedem
1203 2241 1254 2268 ct¹¹
1279 2238 1451 2268 ecclesiam
1478 2236 1692 2278 appellamus.

284 2349 327 2375 77.
353 2349 375 2375 f)
395 2355 454 2374 tuus
472 2351 571 2375 animus
593 2350 664 2375 1—3.
774 2356 798 2376 S)
818 2357 842 2376 et
860 2358 898 2376 est
916 2352 967 2376 des.
985 2351 1008 2375 4.
1113 2350 1138 2376 ¹¹)
1159 2351 1363 2375 manifestissima
1388 2349 1459 2373 1—3,
1566 2347 1582 2371 i)
1603 2349 1656 2380 ipso
1678 2361 1704 2365 —
1727 2349 1823 2380 experi-

179 2398 263 2418 mento
281 2394 332 2418 ales.
355 2392 434 2418 1—3.
548 2392 572 2422 k)
593 2394 637 2418 tibi
657 2393 680 2418 4.
794 2393 810 2421 l)
830 2396 964 2419 securitate
983 2395 1005 2418 35.
1121 2398 1151 2419 m)
1171 2403 1217 2418 liet:
1236 2393 1259 2418 4.
1374 2397 1398 2419 ¹¹)
1418 2401 1466 2424 que
1490 2392 1569 2416 1-3.
1680 2395 1702 2417 U)
1725 2392 1821 2423 provel-

179 2437 286 2461 vebatur
307 2437 378 2461 1—3.
479 2436 502 2467 l')
522 2437 588 2461 ‹tec-sl
607 2436 630 2461 4.
731 2437 754 2467 (1)
775 2438 923 2462 multimode
942 2438 966 2462 4.
1066 2441 1086 2461 r)
1107 2437 1173 2461 deest
1193 2437 1265 2461 1-3.
1365 2439 1384 2463 ⁵)
1405 2435 1576 2467 captivitatem
1597 2433 1619 2457 4.
1718 2434 1736 2457 2)
1756 2438 1780 2457 et
1800 2434 1822 2457 11.

179 2479 205 2511 u)
225 2480 291 2504 deest
311 2480 383 2506 1-3,
472 2480 494 2507 v)
514 2489 586 2504 omne
608 2480 680 2504 1-3.
770 2486 799 2507 w)
819 2486 905 2505 uotum
925 2486 962 2506 est
981 2482 1032 2505 [les.
1049 2481 1120 2505 1-3.
1211 2482 1236 2509 x)
1256 2479 1448 2504 christianitatis
1465 2477 1535 2501 1-3.
1626 2481 1650 2503 5)
1671 2478 1719 2501 iam
1736 2481 1823 2501 velum

180 2523 241 2547 add.
262 2522 339 2552 l-3;
359 2525 390 2551 cf.
410 2532 490 2555 sulm-a
511 2527 557 2547 nol.
579 2532 609 2547 w.
715 2524 735 2552 Δ)
755 2533 799 2548 nos
819 2526 920 2556 potuisti
944 2523 1014 2549 l—3.
1115 2524 1138 2555 2²)
1158 2524 1236 2548 facias
1254 2522 1278 2547 4.
1375 2521 1397 2548 ¹¹)
1418 2522 1483 2545 alces!
1505 2520 1577 2544 1-3.
1680 2522 1702 2546 ⁶)
1723 2521 1778 2544 Non
1799 2519 1822 2543 1.

181 2565 205 2597 ι1)
225 2567 319 2590 suimus
338 2570 362 2590 et
380 2566 432 2590 (les.
454 2565 525 2590 1-3.
637 2566 659 2597 ⁰)
679 2567 829 2598 principium
849 2568 872 2591 3.
983 2566 1005 2598 f)
1025 2567 1199 2591 Cluniae-ensis
1218 2565 1240 2590 4.
1348 2568 1371 2588 ²)
1392 2564 1425 2588 nil
1446 2563 1468 2587 4.
1577 2562 1600 2587 ¹¹)
1621 2564 1729 2594 quodam
1750 2564 1823 2588 modo

181 2610 231 2633 des.
254 2608 325 2632 1—3.
414 2608 430 2639 i)
451 2609 504 2632 lore
525 2609 662 2633 vindictam
682 2610 754 2633 euius
773 2611 848 2634 etiam
865 2610 942 2635 1—32
962 2611 1016 2634 eius
1036 2611 1147 2634 vindicta
1165 2614 1196 2634 et.
1286 2608 1310 2632 k,
1332 2609 1399 2632 velut
1420 2607 1480 2630 mlrl.
1498 2606 1570 2630 1—3.
1642 2605 1660 2631 ¹)
1681 2607 1744 2636 Quin
1763 2606 1781 2629 1.
1800 2608 1821 2630 12.

181 2652 211 2683 ¹¹¹)
230 2653 393 2677 afflictionem
413 2656 435 2675 et
455 2653 593 2677 infortunia
611 2651 634 2677 4.
723 2655 747 2680 ¹¹)
767 2654 833 2678 'least
851 2653 875 2678 4.
964 2655 987 2682 ⁰)
1007 2654 1122 2685 ,1311111-111115ν
1140 2653 1163 2677 4.
1253 2656 1276 2681 1¹)
1296 2651 1416 2675 diffinivit
1430 2650 1458 2676 3:
1478 2650 1588 2673 difinivit
1601 2649 1624 2673 4.
1700 2654 1723 2676 «1)
1744 2650 1782 2673 vel
1798 2648 1820 2672 4.

180 2696 200 2725 r)
220 2704 299 2720 eausa
318 2696 379 2719 add.
400 2694 472 2719 1—3.
561 2699 580 2723 S)
600 2696 667 2719 valet
686 2697 754 2728 apud
774 2702 797 2721 11λ
817 2701 844 2721 ut
863 2696 885 2721 4.
973 2697 993 2720 ‘1
1013 2701 1041 2721 ut
1060 2701 1117 2721 tuae
1137 2696 1187 2720 (les.
1211 2695 1282 2719 1—3.
1373 2698 1397 2718 u)
1417 2693 1447 2716 ad
1469 2693 1514 2716 hoe
1535 2692 1599 2716 izlem
1619 2692 1669 2715 [les.
1690 2691 1762 2716 1—3.

285 2782 308 2809 l)
331 2780 375 2805 Ps.
397 2784 416 2811 7,
430 2785 465 2805 12.
553 2782 579 2808 2)
600 2780 642 2805 Ps.
663 2783 701 2811 35,
716 2784 734 2806 ἶ.

285 2853 320 2870 LL.
342 2853 551 2871 CONSTlTUTlONES
570 2853 585 2870 1.
1592 2840 1620 2866 17
