2205 3072
421 147 482 176 246
824 142 1008 169 FRIDERICI
1027 142 1047 168 I.
1067 141 1388 168 CONSTITUTIONES.
1425 144 1501 171 1158.
1537 144 1584 171 Nr.
1598 145 1656 171 176.

422 231 590 273 Capitanei
626 235 727 261 veroW
763 233 794 261 et
825 230 964 261 maiores
994 234 1206 260 vavassores¹
1234 229 1299 260 XX
1329 230 1437 261 librisy
1467 230 1535 262 auri
1558 230 1743 272 puniantur.
1788 229 1929 261 Minores
1954 233 2063 261 autem

425 293 615 314 vavassores
641 286 673 313 et
697 292 808 313 omnes
833 282 888 313 alii
911 281 1076 323 predictae
1099 281 1189 322 pacis
1212 281 1385 313 violatores
1401 281 1467 313 Vlz
1490 282 1589 313 libras
1611 282 1680 312 auri
1695 281 1814 315 inferre
1831 282 2064 323 compellantur

421 338 453 365 et
477 334 650 376 dampnum
674 334 798 375 passisa
822 333 999 364 secundum
1022 333 1113 374 leges
1137 333 1348 364 resarciantb.

523 389 552 417 4.
576 385 713 416 Iniuria⁰
738 396 795 416 seu
819 385 940 415 furtum
963 385 1123 426 legittime
1147 385 1308 426 puniatur.
1346 384 1587 416 Homicidiumd
1611 387 1644 416 et
1660 384 1876 415 membrorum
1892 384 2061 416 diminutio

422 438 472 469 vel
497 438 583 468 aliud
608 437 775 478 quodlibet
798 437 951 468 delictum
974 436 1125 478 legaliter
1148 436 1337 467 vindicetur.

524 491 551 520 5.
577 489 704 520 Iudices
729 499 805 520 vero
830 491 862 520 et
891 489 1035 519 locorum
1065 487 1251 519 defensores
1276 489 1327 519 vel
1352 488 1546 530 quicumque
1571 487 1779 529 magistratus
1804 488 1844 518 ab
1868 488 2062 530 imperatore

421 541 470 572 vel
496 541 565 571 eius
590 544 772 582 potestatee
796 541 961 571 constituti
986 550 1043 571 seu
1069 539 1257 575 confirmati,
1283 540 1335 581 qui
1353 540 1514 570 iusticiam
1531 540 1638 571 facere
1656 539 1879 580 neglexerintf
1902 543 1933 570 et
1949 550 2063 581 pacem

421 593 572 623 violatam
590 592 753 623 vindicare
771 592 930 633 legittime
948 591 1200 633 supersederint,
1225 591 1399 634 dampnum
1417 601 1510 622 omne
1528 594 1583 622 et&
1599 591 1749 622 iniuriam
1766 591 1892 633 passis²²
1907 592 2064 622 resarcire

421 644 668 686 compellantur:
698 648 730 675 et
760 645 908 685 insuper,
940 644 965 674 si
994 644 1095 674 maior
1124 643 1224 674 iudex
1248 647 1310 681 est,
1337 654 1428 674 sacro
1454 643 1555 674 erario
1580 642 1720 685 penamh
1745 642 1776 673 X
1800 642 1970 674 librarumi
1995 643 2064 674 auri

420 699 551 738 prestet,
584 696 687 726 minor
717 699 821 726 autem
854 706 938 737 pena
968 696 1064 726 trium
1095 695 1249 726 librarum
1279 694 1368 726 aurik
1400 695 1563 727 multetur.
1615 694 1677 730 Qui
1707 704 1780 725 vero
1813 694 1854 725 ad
1885 694 2063 736 predictam

420 758 537 790 penam
561 748 810 789 persolvendam
835 748 943 789 inopia
967 747 1142 778 dinoscitur
1165 747 1325 786 laborare,
1358 747 1407 778 sui
1433 747 1574 789 corporis
1599 746 1825 778 cohercionem
1851 757 1922 778 cum
1946 747 2063 778 verbe-

422 800 510 830 ribus
539 800 681 842 patiatur
705 803 737 830 et
764 799 876 841 procul
900 799 940 830 ab
966 810 1004 831 eo
1029 800 1100 830 loco
1124 809 1220 840 quem
1244 798 1416 830 inhabitat1
1442 799 1675 841 quinquaginta
1699 799 1864 830 miliariam
1887 809 1945 841 per
1970 799 2061 841 quin-

419 853 594 893 quennium
620 852 716 882 vitam
741 855 824 893 agat.

522 906 551 935 6.
576 903 830 935 Conventicula¹¹
861 913 987 944 quoque
1017 906 1048 934 et
1080 908 1214 934 omnes0
1244 903 1481 934 coniurationes
1505 903 1537 933 in
1563 902 1746 933 civitatibus
1773 906 1805 933 et
1829 905 1936 942 extra,
1968 903 2064 934 etiam

419 956 589 986 occasione
614 956 812 997 parentelae,
838 956 941 986 interp
966 955 1127 986 civitatem
1153 958 1185 985 et
1209 955 1371 985 civitatem
1397 958 1429 985 et
1453 955 1536 985 inter
1560 965 1732 996 personam
1751 957 1782 985 et
1800 965 1971 996 personam
1996 955 2064 985 sive

419 1008 522 1038 interq
552 1008 713 1038 civitatem
744 1011 775 1038 et
805 1018 976 1049 personam
1006 1007 1155 1037 omnibus
1181 1006 1283 1037 modis
1308 1006 1377 1037 fieri
1403 1007 1610 1048 prohibemus
1635 1010 1667 1037 ct
1690 1007 1722 1037 in
1748 1007 1936 1048 preteritum
1962 1006 2064 1037 factas

419 1070 595 1097 cassamus,
622 1059 757 1100 singulis
785 1059 1022 1090 coniuratorum
1047 1063 1149 1100 penar
1173 1058 1267 1089 unius
1292 1058 1393 1089 librae
1419 1058 1486 1089 auri
1511 1058 1755 1099 pe1·cellendis⁸.

523 1113 550 1142 7.
575 1110 754 1152 Episcopos
787 1121 914 1152 quoqne
945 1111 1089 1141 locorum
1122 1110 1368 1141 aecclesiastica
1399 1120 1534 1141 censura
1558 1110 1731 1141 violatores
1755 1110 1849 1141 huius
1874 1110 2065 1149 sanccionis,

418 1163 520 1194 donec
543 1163 583 1193 ad
600 1163 851 1193 satisfactionem
870 1163 1025 1199 veniant‘,
1050 1162 1221 1193 cohercere
1240 1162 1401 1196 volumus;
1426 1161 1672 1203 receptoribusu
1697 1162 1794 1192 etiam
1812 1162 2065 1199 malefactorum,

418 1215 471 1256 qui
485 1214 659 1256 predictam
675 1225 786 1256 pacem
802 1214 1003 1251 violaverint,
1023 1217 1055 1244 et
1072 1213 1226 1255 predamv
1243 1213 1435 1250 ementibus,
1455 1216 1584 1244 nostrae
1602 1213 1814 1255 indignationi
1829 1213 2063 1251 subiciendisw,

422 1266 534 1297 cadem
560 1277 644 1309 pena
667 1266 854 1298 feriendisx,

524 1319 553 1350 8.
578 1318 751 1349 Pretereay
776 1318 844 1348 eius
868 1318 952 1348 bona
981 1317 1186 1358 publicentur
1210 1321 1242 1348 et
1266 1317 1378 1348 domus
1401 1317 1635 1355 destruantur2,
1668 1318 1721 1359 qui
1746 1327 1860 1359 pacem
1884 1317 2011 1348 iuraress
2036 1319 2068 1347 et

419 1374 530 1402 tenere
555 1370 701 1405 noluerit.
727 1371 779 1400 etb
804 1370 876 1411 lege
902 1369 991 1411 pacis
1017 1380 1079 1400 non
1104 1370 1258 1401 fruaturc.

522 1424 549 1452 9.
574 1422 708 1452 Illicitas
740 1421 859 1452 etiamd
895 1422 1083 1452 exactiones
1112 1422 1253 1452 maxime
1285 1421 1326 1452 ab
1357 1421 1555 1457 aeeclesiise,
1591 1432 1726 1463 quarum
1758 1421 1891 1452 abusiof
1919 1421 1982 1452 iam
2011 1431 2068 1463 per

418 1474 514 1515 longa
543 1477 689 1515 tempora
721 1473 862 1511 inolevit,
898 1484 954 1515 per
984 1473 1132 1504 civitates
1163 1478 1195 1504 ct
1226 1473 1360 1504 castella
1383 1473 1574 1504 omnimodis
1600 1473 1875 1515 condempnamus
1901 1477 1932 1504 et
1955 1473 2065 1515 prohi-
2094 1484 2111 1501 2.

422 1526 570 1557 bemnsss:
595 1529 627 1556 et
652 1525 678 1555 si
702 1525 787 1556 facte
811 1526 941 1564 fuerint,
966 1526 996 1555 in
1022 1525 1154 1567 duplum
1180 1525 1364 1557 reddantur.

530 1579 574 1608 10.
600 1577 702 1607 Item¹
734 1580 936 1607 sacramenta
966 1577 1144 1618 puberumh
1176 1582 1289 1618 sponte
1320 1577 1403 1607 facta
1435 1587 1530 1618 snper
1562 1577 1780 1607 contractibus
1807 1587 1912 1607 rerum
1938 1587 2069 1607 suarum

420 1640 482 1660 non
514 1628 726 1659 retractandis
757 1629 988 1659 inviolabiliter
1018 1628 1263 1659 custodiantur-5.
1320 1628 1382 1659 Per
1411 1629 1475 1659 vim
1506 1632 1613 1659 autem
1646 1629 1696 1660 vel
1725 1628 1900 1659 iniustumk
1924 1628 2068 1667 metum1,

421 1681 517 1711 ctiam
543 1691 561 1710 a
586 1680 771 1715 maioribus,
797 1681 937 1711 maxime
962 1691 1001 1711 no
1027 1680 1260 1722 querimoniam
1287 1680 1519 1711 maleficiorum
1539 1681 1812 1711 commissorumm
1836 1680 1985 1719 faciantu,
2010 1691 2067 1711 ex-

422 1737 505 1763 torta
530 1736 752 1763 sacramenta⁰
778 1732 896 1763 nullius
921 1743 994 1763 esse
1019 1733 1172 1763 momenti
1199 1732 1357 1763 iubemus.

525 1835 586 1861 176.
612 1840 641 1861 Ψ)
661 1845 762 1868 qnoque
782 1836 808 1861 V.
823 1836 852 1861 P.
868 1837 894 1860 S.
1000 1838 1024 1865 x)
1048 1836 1116 1860 (lecu
1135 1836 1161 1860 S.
1267 1840 1291 1859 Υ)
1315 1837 1435 1860 librarum
1455 1836 1483 1860 P.
1596 1838 1618 1866 z)
1638 1837 1683 1861 ΙΙΙ.
1704 1836 1729 1860 Γ.
1745 1836 1774 1860 P.
1790 1836 1815 1860 S.
1924 1834 1948 1866 ⁸)
1969 1835 2004 1859 sic
2022 1835 2070 1864 B';

422 1889 495 1913 passo
522 1880 547 1905 V.
562 1880 590 1904 Γ.
606 1881 638 1907 Sz
667 1882 752 1913 pacis
776 1880 807 1904 Β.
824 1881 849 1904 (¹.
963 1879 986 1903 b,
1006 1880 1158 1904 resarciatur
1176 1879 1204 1903 Γ.
1226 1879 1257 1908 S:
1285 1883 1427 1904 reservetur
1447 1879 1473 1903 V.
1579 1880 1601 1908 c)
1625 1880 1734 1904 Iniurias
1758 1879 1783 1903 B
1799 1879 1819 1903 l.
1925 1877 1949 1909 d)
1969 1887 2070 1910 quoque

421 1924 482 1948 add.
508 1923 532 1948 Γ.
551 1924 581 1951 P:
608 1932 657 1955 que
682 1924 742 1948 mm,
764 1924 791 1949 S.
914 1928 936 1954 ιἢ)
957 1924 1088 1948 voluntate
1112 1924 1137 1947 V.
1153 1924 1182 1948 P.
1198 1924 1224 1948 S.
1348 1922 1371 1947 ἴ)
1394 1924 1533 1955 neglexerit
1554 1937 1585 1940 —
1604 1923 1773 1955 supersederit
1799 1922 1830 1947 B.
1847 1921 1895 1946 B'.
2001 1921 2025 1952 Β)
2044 1925 2069 1946 et

422 1976 520 1991 onmem
536 1968 568 1997 S;
587 1971 611 1991 ct
630 1967 696 1991 deest
717 1967 742 1991 V.
757 1968 786 1991 Ι).
894 1966 918 1998 ¹¹)
937 1968 962 1991 in
983 1976 1072 1999 penam
1088 1968 1113 1991 ζ’.
1217 1965 1234 1997 i)
1255 1967 1332 1991 libras
1352 1966 1376 1990 B
1392 1967 1411 1997 l,
1433 1967 1473 1990 ubi
1492 1967 1547 1991 auri
1567 1966 1639 1990 deest.
1745 1964 1770 1995 k)
1790 1965 1858 1989 deest
1877 1964 1904 1990 S.
1991 1963 2010 1995 l)
2031 1965 2067 1989 iu-

422 2011 554 2035 habitabat
574 2009 608 2040 P,·
641 2010 724 2035 locum
753 2011 911 2035 inhabitabat
935 2010 962 2035 S.
1085 2012 1116 2040 m)
1137 2011 1240 2034 milibus
1266 2010 1342 2041 1⁷.P‚·
1370 2011 1485 2035 miliariis
1512 2014 1623 2034 remotus
1650 2010 1680 2034 de
1707 2018 1736 2033 eo
1760 2009 1787 2033 S.
1910 2012 1934 2038 ¹¹)
1958 2016 2066 2033 couven-

422 2054 512 2077 ticulas
536 2053 562 2077 V.
577 2052 605 2077 P.
621 2053 647 2077 S.
753 2056 775 2083 ⁰)
794 2063 881 2079 omnes
906 2058 930 2078 ct
955 2053 981 2078 V.
996 2054 1025 2078 P.
1041 2053 1066 2078 S.
1156 2056 1181 2084 P)
1202 2054 1268 2078 intra
1292 2053 1316 2077 B
1339 2052 1358 2077 l.
1373 2052 1400 2082 3;
1430 2057 1454 2078 ct
1478 2053 1544 2077 inter
1564 2052 1590 2077 V.
1606 2052 1632 2076 P.
1651 2052 1678 2077 S.
1766 2052 1789 2083 q)
1810 2053 1877 2076 intra
1895 2051 1919 2075 B
1934 2051 1954 2076 l.
1968 2051 1992 2076 3.
2014 2051 2069 2076 01.

422 2098 442 2123 Γ)
463 2104 552 2128 penam
571 2096 595 2119 B
612 2095 632 2121 1,
747 2100 766 2121 5)
787 2097 960 2129 persolvendis
981 2098 1008 2121 S.
1123 2096 1142 2123 ῑ)
1163 2097 1249 2121 veniat
1268 2096 1292 2119 B
1312 2096 1333 2121 l.
1349 2095 1372 2121 3.
1392 2096 1438 2120 B‘.
1455 2096 1488 2124 ὃς
1515 2097 1612 2120 venerit
1632 2095 1658 2119 V.
1763 2096 1789 2126 ¹¹)
1808 2095 1939 2128 Receptori
1957 2094 1982 2118 B
2000 2094 2022 2119 1.
2041 2093 2069 2125 ὃς

422 2140 631 2171 lteceptntorihns
658 2139 683 2164 V.
704 2140 733 2164 P.
753 2138 778 2164 S.
890 2142 914 2171 v)
934 2141 1036 2172 predam
1060 2140 1126 2164 deest
1154 2140 1182 2163 G.
1201 2139 1263 2167 F1·.,-
1290 2144 1315 2163 et
1338 2140 1481 2163 ementibus
1504 2139 1555 2163 des.
1575 2139 1606 2163 B.
1620 2139 1667 2164 B'.
1780 2139 1811 2169 W)
1830 2138 1971 2163 subiciendi
1989 2142 2014 2162 et
2031 2137 2070 2168 B‚·

423 2187 534 2207 nostram
562 2183 761 2215 indignationem
789 2184 912 2208 subituris
938 2183 962 2207 Γ,
978 2183 1005 2207 I'.
1021 2183 1052 2209 S:
1080 2187 1103 2207 et
1129 2183 1190 2207 add.
1218 2183 1247 2206 P.
1268 2182 1293 2207 S.
1399 2186 1424 2213 x)
1452 2183 1556 2207 feriendi
1585 2187 1645 2207 sunt
1673 2182 1702 2206 G.
1717 2182 1764 2206 Fr.
1873 2182 1897 2212 y)
1922 2181 2021 2205 Pariter
2040 2180 2067 2205 S.

422 2228 444 2255 Z)
465 2226 608 2249 destruatur
629 2225 653 2249 Γ.
669 2226 697 2249 P.
713 2226 738 2250 S.
846 2230 868 2256 ²¹)
888 2226 1028 2250 iuraverint
1046 2231 1071 2250 et
1090 2230 1174 2250 tencre
1194 2226 1321 2249 noluerint
1341 2225 1368 2249 S.
1456 2224 1480 2257 b)
1500 2226 1567 2250 deest
1580 2225 1607 2250 S.
1696 2224 1718 2257 c)
1738 2230 1766 2249 et
1789 2225 1875 2257 leges
1899 2225 1986 2256 pacis
2010 2232 2068 2248 non

424 2272 533 2293 servat
558 2269 587 2292 G.
603 2268 648 2293 Fr.
755 2267 779 2297 d)
799 2269 866 2293 deest
879 2269 913 2298 S,·
940 2277 1040 2300 quoque
1062 2268 1087 2293 V.
1193 2268 1214 2298 e)
1234 2269 1357 2293 aecclesia
1379 2269 1408 2293 G.
1426 2268 1473 2293 Fr.
1570 2268 1592 2299 f)
1612 2269 1707 2293 abusus
1728 2268 1754 2293 V.
1768 2268 1797 2292 P.
1813 2268 1840 2292 S.
1929 2268 1952 2297 g)
1972 2270 1996 2292 et
2014 2275 2070 2299 pro-

424 2312 541 2336 hibemus
567 2312 618 2336 des.
639 2312 699 2336 B3.
822 2311 847 2343 ΙΓ)
872 2312 1067 2344 pupillorum
1092 2312 1122 2335 G.
1142 2311 1188 2336 Fr.
1310 2310 1328 2341 i)
1353 2312 1512 2336 custodiatur
1538 2312 1563 2337 V.
1581 2311 1609 2336 P.
1629 2311 1655 2336 S.
1778 2309 1802 2341 k)
1822 2312 1937 2335 iustum
1956 2310 1982 2334 V.
1998 2309 2027 2334 P.
2041 2309 2069 2334 S.

424 2352 443 2384 ¹)
463 2360 619 2379 sacramenta
632 2359 730 2379 extorta
742 2355 764 2379 Ιι.
780 2356 795 2379 l.
810 2355 869 2379 add.
885 2353 912 2379 Β
922 2355 943 2379 l.
956 2354 979 2380 2.
990 2355 1013 2379 3.
1033 2355 1080 2379 Β“.
1151 2354 1183 2385 m)
1203 2354 1271 2378 deest
1289 2354 1316 2378 V.
1388 2354 1412 2386 n)
1433 2355 1472 2379 laic
1491 2355 1582 2379 desinit
1593 2355 1617 2378 B
1627 2354 1650 2379 3.
1722 2355 1745 2384 0)
1764 2354 1831 2378 deest
1848 2354 1880 2378 B.
1894 2353 1940 2377 B'.
1955 2353 1980 2377 V.
1996 2353 2026 2377 P.
2038 2352 2070 2383 S,·

425 2399 472 2422 sae.
494 2407 524 2422 ex
544 2402 595 2422 toto
615 2398 710 2422 nullius
730 2398 775 2422 B'.

530 2484 554 2513 1)
575 2482 650 2508 Haec
668 2483 819 2508 constitutio
839 2482 869 2508 de
887 2483 1059 2508 sacramentis
1075 2483 1206 2516 puberum
1223 2482 1331 2508 habetur
1350 2486 1373 2508 et
1395 2483 1423 2508 in
1444 2482 1533 2508 (bdice
1547 2482 1578 2508 L.
1594 2482 1631 2508 II.
1650 2482 1688 2507 tit.
1702 2485 1741 2514 28,
1762 2485 1785 2507 et
1795 2482 1881 2514 ylossa
1896 2479 2070 2507 Gaiam-clini

425 2525 501 2557 (saec.
524 2525 608 2550 XIII.
625 2526 789 2559 ammoneris)
808 2526 897 2551 addit.-
919 2526 992 2551 Haec
1011 2526 1175 2552 constitutio
1195 2527 1269 2551 sacta
1289 2526 1342 2551 fuit
1361 2526 1389 2551 in
1409 2526 1500 2551 insula
1519 2525 1631 2551 reniben
1652 2525 1687 2550 ad
1702 2524 1865 2550 instantiam
1879 2523 1983 2549 domini
1998 2523 2070 2548 Mar-

426 2568 486 2595 tini.
506 2576 559 2600 que
579 2569 743 2594 constitutio
764 2569 791 2594 in
812 2570 896 2602 caput
916 2569 973 2594 eius
994 2569 1158 2596 retrocessit.
1178 2569 1245 2602 qnia
1258 2570 1351 2595 omnia
1364 2578 1412 2595 sua
1427 2569 1499 2595 bona
1519 2578 1568 2602 per
1586 2568 1718 2594 minorem
1732 2568 1855 2593 alienata
1868 2568 1939 2593 sunt.
1972 2566 2070 2591 Contra

428 2611 580 2643 Huyolinnfs
600 2612 730 2637 Roucalia
749 2612 875 2638 nominat.
908 2612 934 2638 G.
948 2612 977 2637 sle
992 2613 1117 2646 Sariyuy,
1136 2613 1180 2638 cui.
1199 2613 1251 2638 ism
1265 2613 1382 2638 debemus
1395 2612 1554 2644 ((Ηϋηιὶεοήθ
1573 2611 1817 2644 Rechtsycsehichtc'
1836 2610 1886 2642 IV,
1901 2612 1965 2643 164),
1985 2610 2070 2635 locum

428 2654 602 2679 (ιίιί;;(ιν(ῐιήί
620 2655 657 2679 rita
675 2655 795 2681 emendat
815 2655 841 2680 in
862 2655 953 2680 insula
974 2656 1042 2681 Heni
1062 2656 1210 2686 Bononiae,
1233 2659 1255 2681 et
1273 2657 1350 2689 Ieycm
1370 2664 1443 2681 amu)
1463 2659 1533 2687 1155,
1553 2655 1611 2687 (aut
1632 2658 1696 2686 1159,
1717 2657 1785 2684 1162,
1801 2655 1873 2686 1167)
1891 2653 1973 2678 latam
1993 2655 2070 2684 atquc

378 2714 380 2717 -
424 2700 514 2729 postea
535 2697 562 2722 in
581 2697 658 2723 ειινίιι
678 2698 824 2724 It‘onccdiue
844 2698 941 2731 leyibus
959 2698 1086 2724 insertum
1104 2699 1187 2730 fuisse
1205 2699 1337 2724 contendit
1345 2706 1354 2730 ;
1378 2707 1426 2724 νιος
1447 2698 1606 2724 leericum
1627 2700 1650 2723 et
1669 2696 1786 2723 codicum
1804 2696 1903 2722 saeculi
1924 2695 1993 2721 XII.
2012 2703 2069 2721 sen-

426 2740 535 2765 tentiam
553 2741 694 2773 sequimur.
735 2741 816 2767 PER
822 2741 873 2768 TZ.

2092 705 2115 722 10

2092 1224 2118 1242 20

2097 1740 2121 1758 ³0

2095 2230 2120 2248 40

2097 2706 2122 2725 50
