2205 3072
348 174 408 202 336
423 159 429 164 .
758 171 937 197 Fltllmfflcl
958 171 976 196 l.
996 170 1316 197 coNS'rl'rUTIONES.
1357 171 1428 196 11T3.
1468 170 1514 196 Nr.
1527 170 1585 196 240.

349 257 550 287 Assercbant
581 258 676 293 enim,
710 257 869 298 quendam
902 258 1092 288 canonicum
1123 258 1231 288 Sancti
1256 257 1396 287 Victoris
1430 257 1623 288 infirmitatis
1653 257 1798 287 molestia
1822 259 1991 297 gravatum

348 310 438 339 iuxta
465 309 732 339 consuetudinem
762 309 855 350 longo
881 313 912 340 ct
936 310 1095 340 communi
1120 320 1179 340 usu
1205 310 1303 340 totius
1329 309 1405 339 cleri
1429 309 1640 350 approbatam
1664 309 1703 339 de
1728 308 1899 339 mobilibus
1925 308 1992 338 suis

348 372 409 401 que
449 360 587 391 habebat
617 361 698 390 infra
731 361 941 391 emunitatem
974 361 1178 392 donationem
1212 362 1243 391 in
1277 362 1389 391 ultima
1422 361 1587 391 voluntate
1623 361 1737 391 fecisse
1769 363 1800 390 et
1834 359 1990 400 quosdam

349 413 465 443 fratres
497 422 572 442 suos
603 411 906 443 fidecommissarios
940 413 1163 447 constituisse,
1196 413 1249 453 qui
1279 423 1315 442 eo
1341 411 1519 443 decedente
1545 412 1591 442 uti
1616 412 1685 453 ipse
1710 410 1915 441 ordinaverat
1942 421 1990 441 res

348 464 420 494 illas
445 463 686 495 distribuerent.
733 463 813 494 Cum
839 467 947 495 autem
978 465 1151 495 canonicus
1179 464 1232 494 ille
1261 463 1346 494 diem
1372 464 1545 494 clausisset
1570 466 1766 500 extremum,
1798 462 1915 493 fratres
1941 462 1991 492 sui

348 526 386 545 ea
410 526 470 555 que
494 515 567 545 fidei
586 526 697 545 eorum
715 516 919 546 commiserat
937 516 1120 546 executioni
1143 515 1294 546 mandare
1314 515 1477 551 volebant:
1502 514 1559 545 sed
1577 514 1705 555 cognati
1721 514 1830 544 fratris
1848 513 1990 544 defuncti

348 567 498 597 effectum
525 567 569 597 rei
594 567 825 607 impediebant,
849 571 1033 598 asserentes
1059 579 1093 598 se
1118 567 1334 598 exheredatos
1358 578 1430 597 esse
1456 577 1513 608 per
1534 566 1747 597 inofficiosum
1770 565 1853 607 quod
1870 566 1988 596 factum

347 622 434 648 essct
459 622 700 654 testamentum„
725 623 756 649 et
780 618 852 649 ideo
878 619 1084 650 donationem
1110 620 1141 650 in
1167 619 1291 650 irritum
1317 630 1390 649 csse
1415 618 1638 649 revocandam.
1686 617 1896 648 Honorabilis
1914 627 1989 647 vero

347 669 451 699 clerus
478 669 687 710 Maguntinus
720 681 791 701 cum
823 671 1044 702 instrumentis
1076 672 1141 701 suis
1174 672 1313 706 astabat,
1348 671 1568 712 probationem
1600 681 1690 701 suam
1720 669 1813 700 nobis
1838 670 1989 707 offerens,

347 721 429 761 quod
462 721 634 752 donatione
664 725 906 752 antecessorum
936 726 1118 753 nostrorum
1144 723 1289 753 divorum
1320 726 1529 763 augustorum
1555 725 1586 752 ct
1610 718 1835 763 episcoporum
1861 731 1990 751 suorum

347 773 538 803 auctorabili
563 774 771 804 concessione
803 784 860 815 per
885 773 1097 814 quadraginta
1126 784 1226 804 annos
1257 777 1289 804 et
1317 773 1456 814 amplius
1481 773 1549 803 sine
1575 773 1811 814 interruptione
1837 772 1934 803 talem
1961 772 1991 802 in

347 824 578 855 emunitatibus
609 825 675 855 suis
706 825 889 856 libertatem
922 825 1145 866 optinuissent,
1180 825 1264 866 quod
1296 825 1402 855 omnia
1435 824 1565 855 mobilia
1597 835 1655 855 sua
1679 824 1823 865 quolibet
1848 827 1992 865 tempore

348 876 397 905 cui
424 876 544 906 vellent
577 880 709 918 possent
738 876 874 907 donare:
910 880 940 907 et
970 877 1028 907 hoc
1059 877 1142 907 idem
1176 888 1216 907 ex
1242 877 1361 918 scripto
1386 877 1453 907 iure
1480 876 1722 907 asseverabant.
1769 876 1859 906 Laici
1884 879 1991 906 autem

348 938 404 968 pro
440 932 529 969 parte
563 939 621 959 sua
653 929 753 959 multa
785 929 816 959 in
849 929 1043 959 contrarium
1075 928 1278 969 allegabant;
1310 932 1342 958 et
1373 929 1417 958 ita
1446 928 1519 958 hinc
1545 927 1617 958 inde
1642 928 1681 958 lis
1706 927 1760 958 diu
1785 931 1835 959 est
1858 928 1990 968 agitata.

347 978 396 1019 (ἒί)
421 978 464 1009 Ut
489 990 564 1020 ergo
590 980 671 1010 hanc
689 981 776 1011 litem
797 991 964 1022 possemus
982 980 1132 1011 dirimere
1150 984 1181 1011 et
1200 991 1329 1011 causam
1348 980 1456 1011 debito
1474 979 1567 1010 modo
1586 979 1734 1018 diffinire,
1760 980 1880 1021 placuit
1896 980 1990 1011 nobis

348 1042 366 1061 a
392 1030 638 1062 wormaciense
670 1033 822 1073 episcopo
855 1030 1005 1062 Cfinrado
1037 1036 1068 1062 et
1097 1032 1168 1062 aliis
1198 1032 1360 1073 episcopis
1392 1031 1609 1072 presentibus,
1641 1031 1832 1062 cancellario
1864 1041 1991 1072 quoque

348 1086 456 1112 nostro
482 1082 679 1115 Godefredo.
705 1095 763 1114 nec
788 1094 850 1114 non
876 1084 1049 1115 abbatibus
1075 1089 1105 1114 ct
1131 1084 1200 1114 aliis
1219 1084 1363 1125 personis
1383 1084 1612 1114 ecclesiasticis
1632 1084 1663 1114 in
1681 1084 1749 1114 iure
1768 1083 1990 1114 ecclesiastico

348 1134 457 1174 peritis
482 1135 649 1165 veritatem
675 1145 883 1176 cognoscere.
933 1135 981 1165 llli
1001 1146 1075 1166 vero
1101 1146 1171 1165 cum
1194 1135 1342 1166 omnibus
1367 1135 1595 1166 ecclesiasticis
1612 1135 1759 1176 personis
1778 1146 1839 1176 que
1856 1135 1991 1166 aderant

348 1185 377 1215 in
402 1186 566 1226 presentia
596 1190 704 1216 nostra
736 1188 843 1217 testati
876 1192 959 1221 sunt.
985 1187 1071 1217 illam
1097 1187 1281 1217 emunitatis
1314 1187 1507 1221 libertatem.
1533 1197 1627 1228 quam
1653 1187 1861 1227 Maguntinus
1887 1186 1991 1217 clerus

346 1237 405 1267 sibi
431 1237 632 1271 vendicabat,
662 1239 693 1268 in
718 1238 825 1269 multis
856 1239 981 1280 imperii
1007 1239 1107 1269 nostri
1133 1239 1255 1269 servari
1289 1239 1451 1271 ecclesiis:
1483 1242 1515 1269 et
1539 1239 1616 1269 item
1640 1239 1688 1269 ius
1714 1239 1868 1280 scriptum
1893 1249 1989 1280 super

347 1290 486 1331 presenti
511 1291 645 1330 negocio
670 1291 760 1320 nobis
785 1290 1009 1321 distinxerunt.
1036 1294 1221 1321 asserentes
1246 1290 1330 1330 quod
1357 1291 1502 1327 clericus,
1534 1291 1586 1331 qui
1611 1294 1755 1331 tempore
1781 1290 1992 1321 ordinationis

347 1352 404 1371 sue
436 1341 532 1372 nichil
562 1342 683 1372 habens
718 1342 826 1382 aliqua
856 1342 894 1372 dc
926 1343 1023 1372 rebus
1056 1342 1192 1372 ecclesie
1226 1342 1451 1383 conquisisset.
1481 1343 1603 1372 nullum
1629 1346 1859 1373 testamentum
1884 1346 1993 1384 posset

347 1394 463 1432 facere⁷
498 1393 555 1424 sed
586 1398 658 1435 post
694 1394 864 1425 decessum
894 1405 986 1424 suum
1019 1395 1126 1424 onmia
1164 1394 1300 1424 ecclesie
1335 1393 1469 1424 deberet
1503 1394 1695 1435 relinquere.
1749 1394 1992 1425 Asseverabant

347 1446 453 1479 etiam,
480 1445 563 1486 quod
590 1446 726 1476 clericus
752 1446 882 1476 mobilia
907 1457 975 1478 sua.
1000 1457 1060 1486 que
1087 1446 1136 1476 vel
1161 1445 1200 1476 de
1225 1446 1355 1487 proprio
1381 1446 1431 1476 vel
1457 1457 1498 1476 ex
1524 1456 1607 1476 mera
1635 1446 1771 1476 alicuius
1795 1446 1990 1477 liberalitate

347 1498 398 1528 vel
424 1499 630 1529 successione
656 1499 854 1539 cognationis
886 1500 934 1529 vel
966 1499 1072 1539 aliquo
1099 1498 1253 1528 lucrativo
1282 1498 1374 1528 titulo
1404 1497 1443 1528 ad
1468 1508 1541 1528 eum
1566 1497 1784 1534 devenissent,
1818 1498 1869 1528 cui
1893 1498 1990 1529 vellet

347 1554 458 1590 posset
482 1549 612 1585 donare,
638 1551 704 1580 sive
731 1551 814 1581 inter
838 1551 926 1581 vivos
952 1551 1019 1581 sive
1045 1552 1075 1581 in
1101 1551 1213 1581 ultima
1238 1551 1421 1582 voluntate:
1448 1551 1473 1580 si
1502 1561 1575 1580 vero
1601 1551 1774 1580 intestatus
1800 1554 1990 1585 moreretur,

346 1602 453 1632 omnia
477 1602 517 1632 ad
541 1613 633 1632 usum
660 1603 795 1633 ecclesie
821 1603 965 1633 redirent
990 1603 1038 1633 cui
1065 1603 1133 1644 ipse
1159 1603 1269 1632 vivens
1290 1602 1508 1633 ministrabat:
1535 1602 1762 1643 patrimonium
1780 1604 1887 1632 autem
1907 1601 1991 1643 quod

347 1654 542 1684 hereditario
569 1655 637 1685 iure
663 1654 702 1684 ad
728 1655 862 1685 clericos
888 1654 1084 1686 devenisset,
1110 1655 1172 1684 illis
1198 1655 1250 1695 qui
1276 1655 1306 1684 in
1332 1655 1419 1684 linea
1444 1655 1626 1695 agnationis
1651 1665 1707 1685 scu
1726 1655 1926 1695 cognationis
1944 1655 1990 1685 eis

346 1709 456 1736 essent
479 1706 613 1746 proximi
640 1710 711 1747 post
736 1711 868 1737 mortem
895 1717 984 1736 suam
1003 1707 1185 1747 relinquere
1204 1706 1368 1737 deberent.
1452 1709 1497 1743 (4)
1520 1706 1642 1736 Taliter
1660 1707 1767 1747 itaque
1785 1706 1930 1736 instructi
1950 1705 1988 1736 ab

346 1758 508 1798 episcopis
541 1762 572 1788 et
603 1758 816 1788 ecclesiastici
847 1758 923 1788 iuris
955 1758 1081 1799 peritis,
1113 1762 1356 1788 antecessorum
1389 1762 1570 1788 nostrorum
1601 1757 1745 1788 divorum
1778 1761 1988 1799 augustorum

346 1809 431 1839 facta
456 1812 487 1839 ct
512 1808 762 1839 orthodoxorum
786 1814 912 1850 patrum
937 1814 1057 1840 statuta
1083 1809 1214 1850 dignum
1240 1809 1389 1840 duximus
1416 1810 1574 1847 venerari,
1603 1813 1635 1840 et
1659 1809 1775 1840 idcirco
1801 1810 1989 1840 universum

346 1861 535 1902 Maguntine
572 1861 708 1891 civitatis
745 1862 863 1891 clerum
901 1865 932 1892 et
973 1862 1145 1892 canonicos
1187 1862 1217 1892 in
1256 1862 1358 1892 tribus
1402 1862 1583 1903 municipiis
1626 1861 1802 1902 degentes,
1840 1862 1991 1893 videlicet

346 1913 614 1953 Aschaffenburg.
639 1913 857 1943 Frankenfurt
881 1917 912 1943 et
931 1913 1055 1954 Pingia.
1081 1914 1111 1943 in
1137 1913 1284 1944 libertate
1304 1914 1500 1950 emunitatis,
1525 1924 1620 1954 quam
1643 1914 1739 1954 longa
1756 1913 1989 1945 consuetudine

347 1965 555 2006 optinuerunt
585 1969 616 1995 et
646 1965 799 2006 inscripto
831 1965 910 2002 iure⁷
942 1965 1025 2005 quod
1051 1966 1241 1995 auctoritate
1267 1965 1412 1995 Romane
1437 1966 1573 1996 ecclesie
1599 1969 1630 1996 et
1655 1969 1838 1996 sanctorum
1863 1968 1988 2007 patrum

347 2017 517 2047 traditione
551 2021 761 2058 acceperunt,
801 2017 840 2047 ob
876 2027 1016 2047 amorem
1049 2017 1249 2047 dilectissimi
1285 2017 1384 2047 nostri
1416 2016 1567 2047 cristiani
1600 2017 1834 2058 archiepiscopi
1867 2027 1987 2055 eorum,

346 2070 398 2110 qui
428 2070 457 2099 in
489 2069 625 2098 servicio
656 2072 766 2098 nostro
798 2072 829 2098 et
858 2069 981 2110 imperii
1015 2068 1138 2099 diutino
1172 2073 1204 2099 et
1234 2069 1333 2099 multo
1367 2069 1477 2099 labore
1504 2079 1653 2110 magnam
1678 2069 1827 2100 beneficii
1852 2069 1988 2110 gratiam

345 2121 504 2151 meruisse
540 2119 724 2155 dinoscitur7
760 2121 950 2151 auctoritate
988 2125 1099 2150 nostra
1134 2120 1374 2153 confirmantes.
1411 2121 1569 2162 imperiali
1602 2121 1674 2161 lege
1707 2121 1919 2157 sanccimus&
1955 2124 1989 2151 ut

346 2172 473 2203 mobilia
495 2183 563 2207 sua,
588 2182 649 2212 que
666 2172 748 2202 infra
765 2172 973 2202 emunitatem
993 2172 1175 2203 habuerint.
1200 2173 1345 2203 ecclesiis
1369 2183 1426 2203 seu
1443 2173 1590 2213 personis
1610 2183 1666 2214 pro
1683 2173 1815 2203 arbitrio
1834 2183 1889 2203 suo
1908 2173 1990 2203 inter

346 2225 434 2254 vivos
459 2235 515 2254 seu
539 2224 569 2253 in
599 2224 712 2254 ultima
738 2224 901 2255 voluntate
927 2224 1066 2255 donandi
1091 2224 1227 2254 libera-m
1259 2224 1402 2255 habeant
1427 2224 1623 2255 facultatem.
1711 2224 1759 2265 (5)
1784 2224 1845 2255 Pro
1869 2225 1988 2255 maiore

345 2280 451 2306 autem
477 2276 570 2306 huius
601 2278 709 2305 nostre
734 2276 982 2306 confirmationis
1015 2280 1046 2306 et
1072 2276 1244 2306 sanctionis
1276 2277 1467 2306 auctoritate
1492 2276 1574 2306 hanc
1599 2277 1749 2317 paginam
1774 2276 1933 2307 conscribi
1957 2279 1989 2307 et

346 2338 444 2358 aurea
469 2327 556 2357 bulla
581 2330 691 2357 nostra
717 2327 867 2357 iussimus
892 2328 1049 2369 insigniri,
1075 2338 1156 2369 pena
1181 2333 1309 2358 centum
1334 2328 1486 2358 librarum
1513 2328 1581 2358 auri
1607 2332 1638 2358 et
1660 2327 1758 2358 banni
1776 2328 1877 2358 nostri
1896 2327 1988 2358 huius

347 2390 436 2409 sacre
470 2378 550 2419 legis
580 2379 752 2408 violatores
784 2379 1072 2420 condempnantes.
1103 2379 1254 2409 adhibitis
1280 2379 1403 2410 idoneis
1436 2379 1573 2410 testibus
1598 2390 1733 2420 quorum
1758 2379 1888 2410 nomina
1914 2383 1987 2410 sunt

347 2431 419 2461 hec:
452 2429 618 2460 Cimradus
647 2429 900 2460 wormaciensis
931 2431 1070 2465 electus.
1106 2428 1264 2461 Riidolfus
1296 2431 1548 2472 Argentinensis
1579 2431 1760 2472 episeopus.
1798 2429 1988 2462 Li'idewicus

346 2482 535 2512 Basiliensis
573 2482 761 2523 episcopus,
799 2481 995 2522 Sigehardus
1037 2482 1136 2513 abbas
1171 2483 1423 2517 Laurissensisssq
1461 2482 1623 2513 Arnoldus
1665 2483 1766 2513 maior
1805 2483 1987 2524 prepositus

347 2534 565 2574 Maguntinus,
585 2533 786 2564 VVernherus
810 2534 993 2575 prepositus
1012 2534 1131 2565 Sancte
1151 2534 1251 2565 Marie
1277 2535 1307 2564 in
1325 2534 1465 2575 Campis,
1491 2534 1666 2565 Heinricus
1684 2534 1808 2564 maioris
1827 2534 1984 2565 ecclesiae

345 2585 497 2616 decanus.
528 2585 734 2615 Hei-mannus
761 2589 880 2619 cantor,
906 2576 1079 2616 Udini-icus
1105 2585 1259 2625 magister
1275 2586 1433 2616 scolarum
1458 2586 1488 2616 in
1506 2586 1645 2616 ecclesia
1662 2586 1763 2616 saneti
1782 2586 1880 2624 Petri,
1906 2585 1986 2617 Ger-

347 2641 439 2666 notus
465 2637 618 2676 magister
642 2636 823 2666 scolarum‘l
850 2637 879 2666 in
906 2637 1045 2667 ccclesia
1072 2638 1174 2667 sancti
1202 2637 1368 2678 Stephani.
1394 2636 1555 2667 Arnoldus
1581 2637 1742 2678 Spirensis
1768 2638 1906 2668 ecclesie
1932 2637 1984 2667 de—

346 2699 454 2721 canus.
491 2688 637 2718 Andreas
674 2688 825 2728 magister
861 2689 1029 2722 scolarum.
1066 2688 1228 2718 Iohannes
1263 2689 1446 2730 prepositus
1481 2689 1590 2719 Sancti
1622 2688 1788 2719 Germani:
1820 2687 1986 2719 Cfinradus

447 2789 512 2815 240.
537 2790 561 2816 bl
582 2800 646 2815 corr.
668 2792 796 2815 sancimus
815 2801 850 2815 er.
940 2796 962 2822 c)
981 2790 1105 2816 Lauffisis
1124 2801 1160 2816 or.
1254 2791 1278 2823 d)
1299 2792 1386 2816 eadem
1406 2800 1482 2816 ιιιαιια
1500 2801 1581 2823 supra
1600 2792 1643 2816 ζίιι.
1666 2792 1727 2817 add.
1747 2801 1782 2816 ον.

2020 727 2042 745 lu

2020 989 2042 1007 15

2018 1247 2043 1265 20

2018 1504 2042 1523 25

2018 1766 2042 1784 30

2016 2025 2040 2043 35

2016 2282 2041 2300 40

2013 2543 2038 2562 45
