2205 3072
329 177 389 205 3352
416 162 422 167 ‚
735 172 916 198 FRIDERICI
936 173 955 198 Ι.
976 172 1296 198 eONs'rl'rt'TioNES.
1338 172 1409 198 llTb‘.
1446 171 1492 197 Nr.
1507 172 1565 197 249.

438 262 481 289 lb.
507 260 544 290 G.
575 260 671 291 etiam
702 259 896 290 Mantuanus
926 260 966 290 ad
999 260 1220 301 episcopatum
1251 258 1412 299 quondam
1443 269 1534 289 suum
1560 259 1757 295 restituetur,
1790 258 1835 288 ita
1865 261 1971 288 tamen

330 311 412 351 quod
440 311 501 343 ille,
528 311 580 352 qui
606 322 688 342 nunc
713 315 762 342 est
787 311 991 347 Mantuanus,
1017 311 1206 341 auctoritate
1232 310 1350 340 domini
1375 321 1457 351 pape
1483 314 1514 341 et
1539 310 1659 340 auxilio
1683 308 1803 340 'domini
1830 310 1969 350 impera-

330 363 404 393 toris
438 362 476 393 ad
508 362 731 393 Tridentinum
764 363 985 404 episcopatum
1018 362 1239 395 transferatur,
1277 362 1335 392 nisi
1367 362 1448 392 forte
1480 362 1563 392 inter
1594 361 1757 392 dominum
1791 372 1905 402 papam
1938 364 1969 391 et

331 414 492 444 dominum
518 415 743 455 imperatorem
769 415 964 445 convenerit.
989 418 1024 444 ut
1047 415 1077 444 in
1103 414 1165 444 alio
1191 414 1219 444 ei
1245 414 1434 455 episcopatu
1459 413 1677 454 provideatur.

438 469 481 497 19.
508 466 772 507 Archipresbiter
808 470 915 497 autem
946 466 985 496 de
1016 466 1116 497 Sacco
1146 466 1176 495 in
1211 465 1519 506 archipresbiteratu
1556 464 1718 506 quondam
1749 475 1806 495 suo
1839 469 1871 495 et
1901 464 1970 494 aliis
2011 475 2021 491 5

332 517 507 553 beneficiis,
533 529 594 559 que
619 522 692 549 ante
719 518 836 548 scisma
860 518 981 548 habuit.
1007 528 1077 548 cum
1104 518 1187 547 onmi
1212 516 1412 558 plenitudine
1437 517 1634 548 restituetur.

433 570 481 599 20.
507 569 657 600 Universi
694 570 789 600 etiam
824 569 960 600 ordinati
996 580 1012 599 a
1044 569 1204 610 quondam
1241 568 1407 599 catholicis
1439 569 1488 598 vel
1521 569 1560 599 ab
1592 568 1746 599 ordinatis
1778 567 1909 599 eorumk
1942 567 1972 597 in

335 620 512 651 Teutonico
538 631 635 662 regno
661 621 870 651 restituentur
895 621 925 651 in
952 620 1117 651 ordinibus
1144 621 1251 650 taliter
1275 621 1450 661 perceptis.

435 673 485 703 21.
511 672 572 703 De¹
599 673 859 713 Argentincnsilu
889 676 996 703 autem
1023 676 1054 703 et
1080 672 1252 703 Basiliensi
1278 671 1371 702 dictis
1402 672 1569 713 episcopis.
1603 672 1654 712 qui
1680 670 1818 702 ordinati
1843 671 1973 701 fuerunt

332 735 350 753 a
375 724 522 754 Guidone
548 724 726 755 Oremensi.
752 725 781 754 in
808 724 920 755 eodem
947 735 1045 765 regno
1069 729 1107 754 a¹¹
1131 722 1284 764 predictis
1310 723 1541 754 mediatoribus
1568 723 1785 754 committetur
1808 723 1856 753 vel
1874 723 1903 753 X
1922 723 1972 753 vel

332 775 412 805 VllI
439 776 599 818 episcopis
628 787 708 817 quos
738 777 795 817 ipsi
827 776 999 816 clegerint.
1030 776 1083 817 qui
1111 775 1244 816 prestito
1272 776 1450 805 iuramento
1475 774 1657 807 firmabunt.
1684 774 1766 816 quod
1792 774 1870 805 illud
1897 785 1972 805 eon-

333 827 438 857 silium
475 827 513 857 dc
548 828 624 869 ipsis
658 827 828 869 [Romano]
865 829 1007 869 pontifici
1039 832 1069 858 et
1105 828 1231 858 domino
1266 827 1451 868 imperatori
1482 827 1603 858 dabunt
1634 826 1717 868 quod
1747 826 1905 857 viderint⁰
1940 839 1974 857 se

333 879 486 910 canonice
517 891 609 920 posse
638 880 714 911 dare
747 880 868 920 absque
897 880 1039 921 periculo
1072 880 1194 910 scilicet
1230 879 1368 920 [animae
1399 878 1531 920 domini}
1567 879 1768 920 imperatoris
1799 883 1830 909 et
1854 878 1974 909 domini

332 942 415 972 pape
441 936 473 961 et
498 942 565 962 sue.
592 936 623 961 et
647 931 793 962 dominus
818 943 899 973 papa
924 932 1109 973 acquiescet
1133 931 1265 961 consilio
1290 941 1411 962 eorum.

436 984 484 1013 22.
511 982 667 1013 Dominus
696 988 804 1014 autem
837 994 921 1024 papa
953 987 985 1013 et
1017 993 1128 1013 omncs
1159 982 1337 1013 cardinales
1367 981 1463 1024 siicut
1495 981 1698 1023 receperunt]
1725 982 1887 1012 dominum
1915 982 1972 1011 im-

335 1038 516 1074 peratorem
542 1036 571 1065 in
597 1034 825 1076 Ix'nnilanorum
859 1039 890 1065 et
922 1035 1114 1065 catholicum
1149 1033 1390 1076 imperaltorem
1420 1038 1451 1064 et
1476 1034 1511 1064 B.
1538 1034 1666 1065 felicem
1692 1034 1760 1064 eius
1784 1044 1918 1064 uxorem
1944 1033 1975 1063 in

336 1085 539 1126 {catholicam
572 1091 603 1117 et
631 1086 848 1117 Romanorum
878 1085 1141 1127 imperajtricem.
1175 1087 1217 1116 ita
1248 1085 1330 1127 quod
1363 1086 1431 1127 ipsa
1455 1086 1587 1127 recipiat
1612 1084 1776 1127 [coronam
1802 1096 1821 1115 a
1845 1084 1974 1115 domino

334 1148 417 1178 papa
441 1138 480 1168 A.
508 1138 556 1168 vel
586 1149 604 1168 a
634 1138 740 1179 legato
771 1139 885 1179 ipsius.
919 1139 961 1168 ita
988 1139 1143 1179 recipient
1168 1138 1331 1168 dominum
1358 1137 1398 1168 H.
1424 1138 1525 1168 filium
1551 1148 1662 1168 eorum
1689 1136 1732 1178 in]
1758 1137 1976 1168 Romanorum

335 1194 366 1219 et
392 1190 588 1220 katholicum
614 1201 734 1231 regem.

438 1242 487 1272 23.
513 1240 644 1283 P[acem
678 1242 774 1272 etiam
806 1241 924 1284 verajm
957 1242 1090 1273 reddent
1120 1242 1268 1272 dominus
1301 1253 1383 1283 papa
1408 1242 1446 1272 A.
1473 1246 1504 1273 et
1534 1241 1713 1272 cardinales
1745 1241 1886 1283 [domino
1918 1240 1975 1270 im-

336 1294 473 1334 peratori
500 1293 533 1324 F.
560 1299 591 1324 et
615 1292 754 1334 dominc}
782 1294 816 1324 Β.
844 1294 1062 1335 imperatrici1'
1088 1300 1118 1324 ct
1144 1294 1183 1324 H.
1212 1294 1278 1334 regi
1310 1293 1372 1323 tilio
1405 1304 1515 1324 eorum
1540 1297 1571 1324 et
1595 1293 1752 1324 universis
1777 1292 1977 1323 adiutoribus

336 1346 507 1385 ipsorum,
533 1345 628 1375 salvis
652 1356 712 1386 que
738 1345 776 1376 de
803 1345 1040 1387 sp1iritualibus
1066 1345 1280 1387 dispositioni]
1314 1350 1344 1375 et
1376 1345 1492 1376 iudicio
1522 1345 1640 1376 domini
1666 1356 1750 1386 pape
1775 1348 1806 1375 ct
1832 1343 1977 1374 Romane

335 1397 474 1427 ecclesie
506 1398 646 1438 presenti
678 1398 796 1439 scripto
831 1398 1050 1439 relinquentur
1079 1402 1110 1427 ct
1136 1398 1223 1428 salvo
1250 1398 1334 1427 omni
1369 1397 1435 1428 inre
1461 1397 1607 1428 Romane
1632 1396 1783 1438 celclesie
1807 1395 1976 1436 adversus}

336 1447 555 1478 detentatores
587 1459 689 1479 rerum
721 1449 806 1480 beati
833 1449 919 1480 Petri
952 1454 983 1480 et
1015 1450 1111 1480 salvis
1143 1450 1189 1480 liis
1220 1461 1281 1491 que
1312 1450 1432 1491 scripta
1456 1453 1530 1480 sunt
1555 1453 1619 1480 tam
1645 1452 1833 1490 pro¹'1nu'te
1859 1448 1976 1478 domini

337 1510 418 1540 pape
443 1503 475 1530 et
500 1501 634 1531 ecclesie
659 1511 753 1541 quam
779 1512 834 1542 pro
861 1506 950 1543 parte
975 1502 1095 1532 domini
1122 1502 1324 1544 imperatoris
1351 1505 1383 1532 et
1408 1501 1546 1543 imperii.

440 1552 488 1581 24.
515 1552 631 1583 Pacem
658 1563 732 1583 vero
757 1553 933 1594 predictam
959 1554 1124 1584 Romanus
1151 1554 1296 1595 pontifex
1321 1554 1487 1594 promittet
1513 1564 1546 1583 se
1566 1553 1811 1583 observaturum
1830 1552 1860 1582 in
1882 1552 1978 1583 verbo

338 1603 480 1633 veritatis
513 1608 543 1633 ct
575 1615 686 1635 omncs
716 1605 909 1643 cardinales,
944 1610 992 1636 et*
1022 1606 1225 1647 privilegium
1258 1605 1331 1636 inde
1357 1605 1453 1635 faciet
1478 1615 1549 1635 cum
1574 1604 1811 1645 subscriptione
1837 1604 1977 1634 ‹nnnium

338 1654 556 1685 cardinalium.
608 1656 673 1697 Ipsi
699 1657 796 1687 etiam
821 1657 1000 1688 cardinales
1025 1658 1177 1699 scriptum
1203 1657 1454 1688 confirmationis
1480 1656 1623 1698 predicte
1650 1656 1737 1697 pacis
1762 1656 1882 1686 facient
1907 1666 1978 1686 cum

340 1708 542 1748 appositione
568 1709 745 1748 sigillorum
772 1720 910 1739 suorum.

440 1760 488 1789 25.
516 1759 556 1789 Et
581 1759 726 1790 dominus
755 1772 837 1802 papa
861 1762 966 1791 stat-im
993 1761 1147 1791 advocato
1173 1761 1317 1791 coneilio.
1343 1761 1437 1802 quale
1462 1760 1567 1791 subito
1592 1759 1741 1790 advocari
1769 1762 1882 1800 potest.
1907 1769 1977 1789 eum

338 1811 554 1841 cardinalibus
597 1813 758 1853 episcopis
796 1814 930 1854 aliisque
975 1814 1134 1854 religiosis
1172 1813 1246 1843 viris
1282 1813 1334 1854 qui
1374 1812 1575 1843 interfuerint
1609 1811 1978 1841 cxcommunicationem

339 1867 459 1893 statuet
484 1864 512 1893 in
539 1875 649 1894 omnes
674 1865 726 1905 qui
752 1864 832 1894 lianc
858 1876 970 1905 pacem
997 1865 1172 1905 intringere
1198 1865 1438 1905 temptaverint.
1486 1863 1610 1893 Deinde
1636 1863 1666 1893 in
1684 1862 1826 1903 generali
1847 1862 1980 1893 concilio

339 1915 421 1945 idem
447 1916 554 1946 faciet.

442 1968 490 1997 26.
518 1967 629 1998 Plures
661 1969 756 1998 etiam
790 1969 828 1999 dc
862 1968 1023 1999 nobilibus
1057 1968 1208 1998 Romanis
1246 1972 1277 1998 ct
1309 1968 1486 2009 capitaneis
1522 1967 1698 2007 vampanie
1732 1966 1812 1996 hanc
1846 1966 1980 1997 eandem

339 2029 450 2058 pacem
477 2019 655 2049 iuramento
682 2020 862 2050 firmabunt.

443 2071 491 2101 27.
518 2070 697 2112 Imperator
724 2082 796 2101 vcro
822 2083 934 2112 pacem
960 2072 1075 2113 ipsam‘
1101 2072 1241 2102 firmabit
1266 2072 1446 2101 iuramento
1472 2080 1528 2100 suo
1555 2074 1586 2101 et
1611 2070 1789 2111 principum
1816 2073 1847 2100 et
1864 2069 1980 2100 confir-

341 2122 511 2152 mationem
538 2123 757 2153 corroborabit
782 2124 899 2165 scripto
924 2135 980 2154 suo
1006 2134 1076 2154 cum
1103 2123 1359 2164 subscriptione¹¹
1385 2133 1442 2153 sua
1468 2127 1499 2152 et
1525 2122 1713 2163 principum.

443 2175 491 2204 25.
525 2174 558 2204 Si
593 2175 685 2205 forte.
723 2174 806 2215 quod
841 2185 900 2205 non
932 2175 981 2205 sit.
1017 2174 1162 2205 dominus
1196 2185 1278 2215 papa
1308 2174 1530 2215 premoriatur.
1569 2173 1716 2203 dominus
1746 2173 1920 2213 imperator
1951 2176 1982 2202 ct

341 2225 487 2255 (lominus
518 2226 688 2257 Hcinrieus
718 2237 774 2257 rcx
803 2227 885 2257 tilius
917 2227 985 2256 cius
1016 2231 1046 2257 et
1076 2227 1236 2267 principes
1275 2226 1356 2256 hanc
1392 2226 1525 2256 formam
1558 2225 1646 2265 pacis
1677 2229 1708 2254 et
1740 2224 1982 2265 compositionis

341 2278 474 2308 tirmiter
498 2278 717 2308 observabunt
743 2279 984 2308 successoribus
1010 2279 1075 2308 suis
1094 2282 1125 2308 et
1143 2278 1359 2308 cardinalibus
1378 2277 1534 2308 universis
1554 2281 1585 2307 et
1603 2277 1659 2307 toti
1681 2276 1816 2307 ecclesie
1834 2275 1979 2306 Romane

342 2337 373 2359 ct
398 2330 463 2369 regi
491 2330 618 2360 Scicilie
645 2334 676 2360 ct
696 2330 885 2360 Lombardis
911 2335 941 2360 ct
967 2331 1082 2360 ceteris
1107 2331 1158 2371 qui
1185 2340 1293 2360 secum
1320 2329 1471 2360 sentiunt.
1514 2329 1676 2359 Similiter.
1703 2327 1806 2369 quodV
1831 2327 1926 2358 absit.
1952 2327 1978 2356 si

341 2381 486 2411 ‹lominus-
513 2382 686 2422 imperator
717 2382 939 2422 prcmoriatur.
974 2381 1123 2411 dominus
1156 2392 1236 2422 papa
1260 2386 1291 2410 et
1321 2380 1501 2411 cardinales
1527 2384 1558 2410 et
1583 2380 1722 2410 ecclesia
1747 2379 1895 2409 Romana
1920 2379 1981 2408 iam

341 2434 458 2463 dictam
485 2444 596 2474 pacem
626 2433 759 2463 tirmiter
792 2433 1011 2463 observabunt
1037 2433 1173 2463 Beatrici
1210 2433 1293 2463 t'cliei
1319 2433 1410 2462 uxori
1435 2433 1503 2462 eius
1530 2436 1561 2462 et
1586 2431 1740 2462 Heinrieo
1766 2430 1830 2461 filio
1856 2430 1923 2460 eius
1949 2436 1981 2460 ct

342 2485 488 2515 omnibus
514 2485 552 2516 de
578 2485 756 2516 Teutonico
782 2495 881 2525 regno
907 2489 938 2515 et
963 2486 1089 2516 ceteris.
1116 2485 1197 2515 sicut
1222 2485 1377 2525 scriptum
1403 2488 1461 2514 est.
1488 2484 1686 2514 adiutoribus
1713 2483 1788 2513 suis.

446 2538 493 2567 29.
523 2537 652 2567 interim
679 2542 797 2568 autem,
824 2536 925 2567 donec
952 2541 1106 2566 tractatus
1138 2537 1225 2577 pacis
1250 2535 1386 2566 durabit.
1419 2535 1564 2565 dominus
1593 2536 1768 2575 imperator
1792 2545 1848 2575 per
1873 2546 1906 2563 se
1933 2533 1981 2563 vel

343 2599 416 2617 suos
442 2599 589 2629 guerram
616 2599 677 2618 non
703 2589 798 2618 faciet
823 2592 905 2618 terre
930 2587 1049 2618 domini
1076 2599 1156 2629 pape
1183 2598 1277 2628 quam
1302 2588 1368 2628 ipsc
1398 2591 1486 2617 tenet
1512 2587 1561 2617 vel
1592 2597 1647 2617 rex
1674 2586 1802 2616 Seicilie
1828 2596 1886 2626 per
1911 2595 1982 2615 eum

344 2640 394 2670 vcl
419 2640 482 2670 alii.

445 2724 508 2750 242).
534 2726 559 2753 k)
580 2736 657 2757 §vltra
686 2727 729 2749 lia.
755 2726 815 2750 add.
922 2725 938 2750 ¹!
955 2726 1085 2757 praecedi!
1109 2726 1204 2756 »Εἰ-«μιυυι
1225 2729 1246 2754 ς’.
1353 2730 1382 2749 ¹¹¹)
1407 2735 1470 2749 eurr.
1579 2724 1603 2755 ῃ)
1622 2726 1637 2748 ’ᾗ
1656 2734 1675 2747 c.
1782 2728 1806 2745 υ»
1828 2723 1943 2747 viderunt
1964 2732 1983 2746 ι’.

345 2776 367 2794 l'!
388 2771 514 2802 nuperae-i
535 2781 555 2794 «J.
661 2777 684 2791 Ἰν
703 2771 832 2800 succeeds!
858 2779 944 2794 eorum
969 2770 1018 2793 ἰιιιιι
1043 2770 1157 2794 deletum.
1264 2772 1284 2799 r)
1305 2779 1383 2800 ,solu-11
1405 2770 1448 2793 lin.
1469 2769 1530 2793 udal.
1636 2768 1656 2792 s)
1677 2771 1699 2791 et
1723 2780 1752 2783 —
1772 2766 1939 2790 cardinalium
1959 2765 1982 2788 [η

344 2823 444 2837 rasura.
534 2814 552 2834 'r
567 2814 699 2844 [nummulis
718 2814 783 2837 lianc
804 2814 851 2837 Iwn
873 2813 988 2837 «teletam,
1079 2817 1102 2834 Η)
1123 2813 1294 2844 subcriptionc
1314 2822 1333 2836 c.
1423 2816 1444 2841 VJ
1461 2811 1591 2844 praecedit
1610 2812 1625 2835 d
1645 2811 1695 2834 ι’τιιιι
1715 2810 1828 2834 (teleneu.

2003 737 2025 754 10

2005 994 2025 1011 15

2006 1254 2029 1269 211

2008 1770 2018 1787 :3
2021 1772 2032 1787 υ

2010 2287 2034 2305 41]

2011 2547 2034 2564 45

2012 2814 2022 2831 5
2025 2814 2036 2831 [Ι
