2205 3072
370 128 423 165 46ρ
791 125 946 151 O'PTONIS
966 126 1012 151 ΠΙ.
1037 125 1359 152 CONSTI'PUTIONES.
1391 126 1448 151 992.
1481 124 1582 150 N1-.‘20.

370 210 507 251 amplius
532 211 670 248 tolendo,
701 222 793 252 quam
819 213 949 254 antiqua
972 216 1096 254 prestat
1119 211 1328 245 consuetudo,
1358 223 1417 243 nec
1442 212 1481 243 de
1507 211 1607 242 servis
1633 211 1789 251 fugitivis,
1815 221 1894 251 quos
1919 221 2003 241 com-

371 262 585 302 prehendunt,
615 263 743 304 aliquod
774 263 924 294 damnum
956 265 1002 295 eis
1033 264 1140 295 faeere
1170 268 1224 294 aut
1255 263 1456 305 transfugere
1488 266 1653 305 presumat
1684 262 1815 303 aliquis,
1847 262 1903 293 sed
1932 262 2002 292 ubi-

369 323 505 353 cumque
537 314 654 345 inventi
684 315 811 349 fuerint,
842 314 1017 345 secundum
1041 315 1148 356 legem
1174 316 1220 345 eis
1246 315 1448 345 1·eddantur⁰.
1494 314 1694 355 Precipimus
1724 314 1820 344 etiam
1846 313 1885 344 de
1911 313 2003 344 terris

368 364 481 404 palacii
507 365 666 395 Voneoief
700 366 767 396 sive
798 366 1018 407 patriarchivi,
1050 367 1295 408 episcopatuum
1331 377 1474 407 quoque,
1509 365 1717 397 cenobiorum
1757 369 1822 395 tam
1863 365 2001 395 virorum

370 425 463 454 quam
492 417 660 446 mulierum
692 421 723 447 et
753 418 894 447 omnium
924 418 1133 448 ecclesiarum
1164 418 1240 448 inibi
1273 418 1519 448 consistentium
1551 428 1587 447 ac
1620 417 1761 447 omnium
1787 417 2001 447 habitantium
2043 427 2053 443 5»

368 465 529 497 hominum
562 468 590 497 in
623 468 785 498 antedicta
809 469 962 507 Venetia,
996 469 1189 510 ubicumque
1218 470 1322 510 posite
1352 470 1414 499 sint
1444 470 1474 499 in
1499 472 1565 499 toto
1590 473 1698 499 nostro
1723 479 1837 510 regno,
1869 470 1899 499 in
1925 470 2002 500 eivi-

368 518 502 550 tatibus.
539 520 682 552 castelis,
723 520 754 550 in
786 521 945 551 montibus
982 524 1014 551 et
1048 521 1077 551 in
1115 521 1325 562 planitiebus,
1361 521 1454 551 cultis
1484 524 1516 551 et
1546 521 1690 554 incultis,
1725 521 1756 550 in
1788 521 1878 562 aquis
1910 524 1942 551 ct
1973 521 2002 551 in

367 569 545 610 paludibus.
581 571 611 600 in
642 571 728 600 silvis
757 574 788 601 et
816 571 846 601 in
876 571 1040 605 buscaliis,
1075 573 1106 602 in
1138 572 1228 612 aquis
1260 582 1478 613 aquarumque
1509 572 1668 606 ductibus,
1700 572 1905 609 molendinis,
1937 573 2002 614 pis-

366 621 543 651 cationibus
577 626 607 651 et
638 622 861 652 venationibus
897 626 929 653 et
961 624 992 653 in
1028 623 1192 659 omnibus,
1226 634 1286 664 que
1315 623 1376 654 diei
1410 623 1460 654 vel
1491 623 1647 654 nominari
1683 627 1813 664 posunt,
1846 627 1910 654 tam
1941 634 2002 664 que

366 672 458 702 modo
483 672 649 714 possidere
674 673 834 711 videntur,
859 685 954 715 quam
979 678 1063 705 retro
1089 675 1147 705 hae
1173 686 1191 705 a
1215 676 1349 715 triginta
1373 675 1465 705 annis
1491 674 1719 716 possederunt,
1744 678 1839 716 prout
1863 676 1945 706 iuste
1970 680 2002 707 et

366 724 513 764 legaliter
538 735 721 765 possumus.
751 725 910 757 iubemus.
943 730 978 756 ut
1009 727 1117 768 quiete
1143 730 1273 757 teneant
1298 731 1329 757 et
1359 727 1499 768 perditas
1525 729 1726 767 recuperent.
1772 726 1814 756 Et
1837 730 1872 757 ut
1896 728 2002 758 nullus

367 775 516 816 princeps
555 776 603 805 vel
641 787 761 818 pauper
796 777 936 817 aliquem
966 778 1196 809 Yeneticorum
1230 779 1422 819 distringere
1454 782 1508 809 aut
1542 779 1645 819 legem
1680 779 1789 809 facere
1826 779 1864 809 de
1895 780 2003 820 aliqua

366 826 494 856 habitas
518 827 702 858 substancia
725 828 800 858 auth
824 828 864 858 ad
889 829 1042 870 placitum
1065 830 1193 865 ducere,
1218 831 1277 860 nisi
1304 831 1334 860 in
1358 831 1522 871 presentia
1540 830 1664 860 illorum
1682 830 1782 865 ducis,
1807 834 1862 861 aut
1878 830 2003 862 fodrum

365 878 477 908 tollere
503 878 541 909 dc
572 879 697 909 illorum
723 880 815 910 terris
846 886 1009 921 presumat
1041 885 1095 911 aut
1127 881 1266 912 bannum
1291 882 1432 912 mitterei
1464 885 1529 912 tam
1554 881 1593 911 de
1618 881 1756 912 dominis
1782 882 2000 913 habitantibus

364 929 394 958 in
423 929 576 966 Venetia,
612 941 706 971 quam
740 931 779 962 de
814 932 939 962 illorum
975 933 1157 963 hominibus
1193 933 1386 973 ubicumque
1423 933 1641 963 habitantibus
1677 934 1830 964 iustitiam
1860 934 2000 975 aliquam

364 981 509 1021 accipere
532 986 705 1022 presumat.
731 983 792 1013 nisi
814 984 844 1013 in
866 985 1028 1024 presentia
1045 984 1245 1015 dominorum
1266 995 1403 1015 suorum.
1445 984 1677 1015 Confirmamus
1696 986 1792 1016 etiam
1809 985 1997 1024 Lauretum,

364 1036 397 1061 ut
427 1036 579 1073 quantum
612 1034 696 1064 salsa
724 1045 808 1075 aqua
836 1036 992 1071 continet,
1024 1046 1134 1066 eorum
1166 1037 1332 1067 subiaceat
1360 1037 1524 1077 potestati.
1571 1036 1711 1078 Insuper
1736 1037 1881 1068 volumus
1905 1042 2001 1079 atquc

363 1083 602 1121 confirmamus,
634 1090 668 1115 ut
699 1087 904 1128 episcopatus
935 1088 1074 1118 civitatis
1098 1088 1292 1119 Eracliane¹
1322 1088 1442 1119 habeat
1471 1092 1571 1119 totam
1599 1088 1755 1119 decimam
1785 1090 1815 1119 in
1841 1090 2001 1131 integrum

363 1144 376 1163 a
405 1140 614 1168 ts·1·1ni11·.1s·ion‹·.
651 1151 703 1174 que
737 1144 808 1168 saeta
841 1145 881 1168 est
912 1146 1037 1177 tempore
1067 1144 1216 1177 Luiprandi
1247 1145 1318 1178 regis
1350 1145 1422 1170 inter
1446 1145 1640 1170 Paulutionem
1669 1145 1767 1171 ducem
1790 1148 1817 1171 et
1841 1146 2001 1172 Marcellum

363 1191 525 1223 magistrum
551 1190 699 1220 militum?
735 1200 835 1230 usque
860 1190 900 1220 ad
926 1201 1022 1221 mare.
1071 1190 1225 1221 Civitates
1251 1192 1348 1222 etiam
1374 1192 1423 1222 vel
1449 1192 1530 1225 loca.
1560 1203 1618 1234 per
1642 1203 1703 1234 que
1729 1193 1811 1223 soliti
1837 1197 1910 1224 sunt
1935 1193 2000 1224 dis-

364 1248 475 1269 curere
504 1239 648 1270 Venetici
675 1241 741 1271 sive
766 1242 902 1282 negocia
926 1253 1038 1283 agere,
1075 1254 1168 1273 nemo
1200 1244 1261 1273 illis
1291 1243 1512 1275 contradicere
1547 1248 1602 1274 aut
1626 1244 1768 1274 bannum
1793 1245 1920 1276 mittere
1945 1256 2002 1276 seu

365 1289 556 1331 distringere
582 1292 650 1323 sine
669 1293 826 1334 imperiali
844 1294 895 1324 vel
912 1293 1033 1335 regalik
1055 1295 1196 1325 iussione
1215 1299 1389 1336 presumat.
1430 1295 1470 1326 Et
1489 1297 1514 1326 si
1534 1296 1594 1337 ipsi
1612 1296 1751 1337 aliquam
1771 1296 2001 1337 querimoniam

362 1341 496 1372 fecerint
520 1343 690 1374 comitibus
716 1345 765 1374 vel
790 1345 884 1375 alicui
908 1346 1074 1386 potestati¹
1099 1345 1138 1377 de
1156 1346 1262 1387 aliquo
1281 1347 1439 1377 contrario
1462 1348 1568 1389 ipsis¹¹¹
1593 1352 1748 1389 peracto¹¹
1771 1349 1876 1389 legem
1894 1349 2001 1380 facere

362 1393 537 1427 noluerint,
563 1395 640 1436 ipsis
666 1397 937 1436 proclamantibus
962 1397 1064 1428 tribus
1089 1398 1228 1431 vicibus.
1255 1399 1281 1428 si
1306 1398 1478 1429 vindictam
1502 1399 1641 1440 aliquam
1663 1401 1856 1441 acceperint.
1881 1401 2001 1432 nullam

360 1445 541 1475 molestiam
568 1447 640 1477 inde
666 1448 816 1478 habeant.
863 1448 1034 1479 Adsaltum
1060 1449 1157 1479 etiam
1182 1450 1264 1480 infra
1288 1450 1337 1480 vel
1362 1454 1454 1480 extra
1477 1462 1572 1492 supra
1595 1451 1733 1492 aliquem
1758 1462 1869 1483 eorum
1894 1453 2000 1483 locum

360 1496 409 1526 vel
434 1496 625 1528 Veneticum
660 1510 722 1529 non
752 1500 858 1530 faciat.
910 1500 951 1530 Et
981 1501 1006 1531 si
1031 1501 1146 1541 aliquis
1172 1501 1403 1532 Veneticorum
1436 1502 1569 1533 rebellis
1594 1504 1745 1544 potestati
1769 1504 1859 1534 ducis
1883 1504 2002 1545 fugerit

361 1547 434 1578 inde
459 1549 587 1580 exiens.
621 1551 743 1580 nullum
768 1551 873 1582 locum
899 1556 976 1593 aput
1001 1555 1143 1583 nostrum
1169 1552 1298 1583 fidelem
1324 1553 1459 1590 habeat,
1492 1555 1552 1584 nisi
1578 1555 1609 1585 in
1634 1555 1830 1596 acquirendo
1854 1556 2000 1597 gratiam.

361 1599 393 1629 Si
419 1600 489 1640 quis
515 1605 621 1631 autem
647 1607 757 1633 eontra.
782 1603 840 1633 hoc
866 1607 973 1633 nostre
999 1604 1252 1635 confirmationis
1277 1610 1465 1647 preceptum
1484 1606 1592 1637 facere
1612 1608 1834 1648 presumserit,
1860 1608 1942 1638 sciat
1967 1619 2000 1639 se

360 1652 609 1692 compositurum
634 1655 824 1695 quingentas
850 1655 946 1685 libras
971 1656 1039 1686 auri
1064 1657 1183 1697 optimi.
1213 1657 1419 1688 medietatem
1444 1662 1553 1689 nostre
1579 1669 1707 1689 camere
1732 1662 1764 1690 et
1788 1659 1998 1691 medictatem

360 1702 510 1743 predictis
537 1704 714 1739 Veneticis.
739 1717 819 1747 quos
844 1707 1079 1748 inquietaverit.
1126 1707 1219 1743 Quod
1243 1713 1278 1739 ut
1302 1710 1407 1739 verius
1433 1710 1583 1741 credatur
1610 1710 1861 1752 diligentiusque
1887 1712 1997 1742 obser-

361 1758 465 1786 retur.
497 1766 591 1786 manu
617 1758 745 1798 propria
769 1758 880 1789 subter
904 1759 1144 1795 confirmantes,
1171 1760 1267 1801 sigilli
1293 1762 1392 1791 nostri
1419 1762 1631 1803 impressione
1657 1763 1811 1794 adnotare
1836 1764 1998 1795 iussimus.

463 1806 596 1847 Signum
622 1808 694 1848 (M.)
721 1808 839 1840 domini
865 1810 991 1841 Ottonis
1016 1812 1241 1852 gloriosissimi
1266 1813 1361 1853 regis.

462 1858 577 1889 Petrus
603 1860 824 1892 chanzelarius
849 1862 996 1893 advicem
1022 1863 1110 1894 Petri
1129 1863 1262 1894 Cumani
1282 1865 1426 1906 episcopi
1451 1869 1483 1896 et
1501 1866 1773 1897 archecanzelarii
1791 1866 1999 1908 subscripsit⁰

360 1912 391 1938 et
416 1911 614 1950 recognovit.

462 1961 545 1992 Data
571 1962 682 1993 Xllll.
709 1963 781 1994 Kal.
807 1964 956 2006 Augusti.
989 1977 1073 1997 anno
1099 1967 1259 1997 dominice
1285 1968 1514 1999 incarnationis
1539 1969 1790 2007 DCCCCXCH,
1822 1969 1996 2001 indictione

362 2012 487 2052 quinta,
517 2024 600 2043 anno
631 2025 705 2045 vero
734 2015 841 2047 domni
867 2016 993 2048 Ottonis
1025 2019 1114 2049 tercii
1144 2020 1311 2060 regnantis
1337 2019 1452 2052 VIIII:
1482 2024 1587 2052 actum
1613 2021 1834 2053 Molinhuson:
1860 2022 1999 2052 feliciter

361 2074 464 2095 amen.

460 2158 506 2184 ⁵20.
531 2164 554 2183 (Ὗ
574 2162 708 2186 credantur
728 2172 746 2186 r.
861 2162 879 2189 f)
899 2164 990 2188 Venee.
1010 2174 1028 2189 ι’.
1135 2170 1159 2187 ‘ll
1181 2166 1292 2190 habitum
1312 2176 1331 2190 ι’.
1438 2166 1462 2194 ῙΙ)
1482 2177 1528 2192 om.
1549 2177 1574 2194 r,-
1597 2169 1679 2200 snppl.
1700 2177 1729 2192 cm
1747 2173 1820 2199 lun-ta
1840 2169 1957 2193 Ileiurim'
1974 2169 2000 2193 Γ.

359 2199 375 2224 l]
396 2202 440 2225 hm?
460 2203 512 2225 lum
532 2212 574 2227 seu
596 2204 754 2229 insprr‘mlntn
775 2214 825 2228 exus-r*
849 2206 1023 2230 lx'ohlw’lssilft‘r
1043 2208 1058 2231 l.
1078 2218 1097 2231 κ,
1115 2218 1207 2239 purum
1230 2210 1394 2233 rvris-luts'lilrr
1414 2210 1520 2235 ‘'rttlo'cal:
1538 2212 1585 2241 cfr.
1598 2216 1697 2242 [ιηι-Ιιιὶῃ
1714 2211 1830 2235 lleinm'vi
1847 2211 1871 2234 Γ.
1892 2220 1946 2242 vap.
1960 2215 1997 2236 2¹3.

358 2242 381 2269 k>
402 2245 476 2276 legali
496 2256 513 2270 ι’,
620 2246 636 2270 ¹1
659 2250 762 2279 potestai
784 2259 801 2272 τ’.
909 2254 939 2274 Νι
960 2251 1007 2281 ipis
1026 2261 1045 2274 v,
1152 2256 1175 2272 ¹¹1
1197 2252 1265 2275 luctis
1285 2257 1309 2275 nl
1328 2253 1426 2276 ridetur
1450 2254 1593 2278 ,massarum
1617 2255 1796 2278 [tntu-ridesttnl
1816 2255 1904 2285 ιψῐιων
1925 2256 1996 2278 ‹ww-lm

359 2288 491 2313 nonnulla.
504 2290 618 2319 stu-lasum·
637 2296 659 2314 et
680 2291 698 2314 si
719 2292 748 2315 vl.
855 2292 878 2314 ff,
899 2293 951 2317 Silis
971 2303 991 2317 ι’.

462 2390 484 2413 lr
504 2388 536 2413 M
560 2393 593 2414 cxl
619 2391 701 2415 (in-ilc«
729 2400 829 2419 ›nnn-11:
853 2393 900 2424 cfr.
921 2394 1022 2418 ottonis
1040 2394 1097 2419 III.
1116 2394 1231 2427 diploma.
1252 2395 1369 2428 Sluiupf,
1391 2396 1452 2429 Rea.
1471 2401 1534 2424 1172.
1561 2398 1603 2422 nbi
1622 2398 1743 2431 Icyimns:
1769 2398 1898 2424 Civitatis
1918 2407 1996 2425 nore.

358 2439 410 2462 que
431 2434 544 2456 vocatur
564 2432 734 2459 llerarliana.
840 2436 866 2461 *2*
887 2436 959 2461 Htw(
979 2437 1052 2461 rei-ha
1073 2440 1176 2469 sumpla
1197 2441 1257 2463 snut
1278 2446 1308 2463 er
1326 2439 1409 2471 puetis
1428 2440 1613 2466 anterioribus,

2030 684 2054 701 lo

2030 945 2052 963 15

2029 1209 2053 1226 ΞΟ

2028 1724 2052 1741 30

2025 2260 2049 2277 40
