2205 3072
378 210 438 238 464
776 207 937 234 HEINRICI
958 208 1002 233 VI.
1022 208 1344 234 CONSTITUTIONES.
1382 208 1456 233 1186.
1492 207 1539 233 Nr.
1557 208 1615 234 325.

532 737 903 801 HEINRICI
952 740 1062 802 vl.
1113 738 1849 803 CONSTITUTIONES.

371 1036 468 1086 325.
512 1033 980 1088 OONVENTIO
1023 1035 1186 1088 CUM
1223 1036 1433 1089 DUGE
1470 1035 2010 1090 BURGUNDIAE.

1069 1139 1176 1174 1186.
1205 1139 1271 1174 Iul.
1290 1139 1322 1174 5.

473 1254 569 1285 Dedit
591 1255 641 1285 vir
664 1255 699 1286 cl.
716 1254 824 1285 Arndt
846 1266 884 1285 cac
906 1255 1097 1294 autom-cipho
1120 1256 1272 1287 tabularii
1288 1257 1499 1295 provincialis
1514 1256 1718 1288 Divioomzsa's
1734 1256 1822 1288 Serio
1838 1257 1878 1287 B.
1897 1259 2010 1295 11932,

368 1307 456 1337 cuius
479 1306 617 1346 siglillum
641 1306 832 1346 deperditum
855 1308 909 1337 cst.
957 1307 1045 1346 Quod
1067 1317 1134 1338 eum
1157 1307 1191 1337 rin
1214 1308 1325 1347 infima
1344 1310 1436 1346 par-{c
1459 1308 1583 1338 humore
1606 1310 1634 1338 ct
1656 1310 1803 1339 vetustate
1827 1309 1943 1339 laesmn
1959 1309 2008 1346 sit,

366 1358 458 1388 verba
492 1368 569 1397 quae
605 1358 664 1397 ἱραί
698 1358 758 1388 iam
794 1367 857 1388 ozon
886 1360 1044 1396 poterant,
1076 1359 1229 1398 supplevit
1257 1370 1270 1389 c
1300 1359 1442 1399 Reyistro
1475 1360 1704 1391 membranaceo
1737 1369 1813 1391 saec.
1844 1360 1903 1391 XI
1907 1360 1938 1391 V.
1962 1371 2010 1391 eat.

369 1409 411 1442 Β.
429 1411 534 1441 10423
553 1409 610 1451 fol.
627 1406 692 1439 47¹.
718 1428 758 1432 —
782 1409 919 1451 Slumpfi
943 1410 1017 1450 Req.
1035 1412 1127 1441 4581.
1731 1411 1784 1451 (P.
1802 1411 1908 1451 deest.)

468 1512 643 1543 Heinricus
668 1512 729 1543 Dei
759 1514 862 1554 gratia
886 1513 1105 1545 Romanorum
1137 1526 1195 1546 rex
1227 1519 1260 1547 et
1290 1526 1417 1557 semper
1447 1518 1604 1556 augustus
1635 1514 1754 1546 dilecto
1779 1518 1811 1545 et
1839 1514 1926 1546 fideli
1951 1525 2009 1546 suo

368 1564 517 1610 Hugoni³
542 1563 614 1594 duci
638 1564 863 1596 Divinionensi
887 1567 1023 1606 gratiam
1048 1577 1138 1597 suam
1163 1572 1194 1597 et
1219 1578 1312 1598 omne
1339 1568 1468 1599 bonum.

467 1615 666 1646 Discretioni
689 1620 743 1647 tue
774 1617 994 1658 significamus
1020 1622 1051 1649 et
1081 1619 1214 1650 firmiter
1238 1624 1387 1650 constare
1412 1619 1571 1657 volumus,
1601 1618 1686 1660 quod
1710 1629 1766 1649 nos
1791 1629 1914 1660 pacem,
1943 1628 2005 1660 que

366 1668 449 1698 inter
476 1670 620 1698 nostram
650 1668 879 1699 sublimitatem
907 1674 938 1699 et
962 1673 1050 1700 tuam
1075 1670 1282 1702 dilectionem
1307 1671 1456 1702 ordinata
1481 1674 1539 1707 est,
1572 1670 1748 1701 secundum
1774 1681 1845 1701 earn
1870 1670 2006 1701 formam

366 1730 426 1760 que
449 1719 481 1749 in
505 1720 647 1760 presenti
672 1720 791 1761 pagina
816 1721 996 1762 subscripta
1021 1726 1069 1752 est
1093 1726 1195 1753 ratam
1214 1722 1370 1754 habemus
1389 1726 1421 1753 et
1439 1723 1527 1764 regia
1545 1722 1739 1753 auctoritate
1756 1725 1865 1753 nostra
1882 1722 2006 1752 firmam

366 1773 398 1801 et
421 1770 606 1801 inviolatam
631 1782 824 1802 conservare
849 1772 1062 1805 decrevimus,
1152 1774 1199 1814 (1)
1224 1774 1376 1815 Inprimis
1400 1775 1510 1815 itaque
1540 1775 1621 1805 sicut
1645 1775 1675 1804 in
1701 1775 1763 1804 tuis
1787 1773 1904 1804 litteris
1929 1783 2006 1803 con-

366 1822 486 1852 tinetur
510 1822 685 1853 hominium
710 1823 802 1854 nobis
826 1824 926 1855 facies
953 1828 984 1855 et
1009 1825 1189 1866 legiitatem
1214 1825 1253 1856 de
1279 1830 1346 1856 tota
1370 1830 1456 1856 terra
1481 1827 1652 1857 comitatus
1670 1826 1811 1859 A1b0nii,
1837 1836 1898 1866 que
1922 1825 2006 1855 infra

365 1873 544 1904 districtum
569 1875 695 1916 imperii
721 1876 914 1913 continetur,
939 1887 1034 1917 quam
1060 1877 1154 1907 modo
1172 1877 1318 1919 possides
1336 1882 1367 1908 et
1384 1878 1415 1908 in
1434 1881 1598 1919 posterum
1616 1888 1808 1919 possesurus
1827 1888 1872 1908 es.
1911 1877 2003 1907 Bona

365 1935 491 1966 quoque
523 1925 585 1956 fide
618 1930 649 1956 et
682 1937 759 1957 sano
795 1928 959 1958 intellectu
989 1929 1167 1959 secundum
1201 1940 1294 1960 usum
1327 1934 1359 1960 et
1391 1929 1657 1960 consuetudinem
1687 1929 1875 1970 Burgondie
1908 1932 2005 1970 atque

364 1977 533 2008 Provincie
565 1978 702 2019 recipies
733 1983 764 2009 et
793 1990 811 2009 a
840 1980 932 2010 nobis
963 1991 1177 2021 recognosces
1206 1981 1360 2012 allodium
1384 1981 1489 2012 Urriei
1520 1981 1558 2011 de
1582 1981 1729 2021 Baugeio
1760 1985 1791 2012 et
1822 1980 1885 2011 alia
1909 1981 2005 2011 etiam

364 2028 482 2059 allodia
512 2039 572 2069 quc
601 2030 683 2060 infra
712 2032 865 2061 terminos
895 2032 1021 2073 imperii
1053 2036 1125 2063 sunt
1154 2033 1337 2064 constituta.
1429 2033 1474 2073 (2)
1500 2032 1536 2063 In
1562 2033 1621 2063 hoc
1646 2033 1743 2063 etiam
1768 2032 1926 2063 voluntati
1951 2036 2004 2062 tue

364 2080 593 2115 consentimus,
618 2081 702 2122 quod
726 2082 810 2112 filius
835 2086 907 2113 tuus
934 2084 987 2114 ille
1012 2084 1065 2124 qui
1090 2084 1155 2114 dux
1179 2085 1304 2115 futurus
1329 2088 1379 2115 est
1396 2084 1610 2120 Divionensis,
1636 2084 1725 2114 salva
1742 2084 1898 2115 fidelitate
1917 2084 2003 2125 regis

362 2131 508 2169 Francic,
533 2132 623 2163 nobis
649 2133 823 2164 hominium
848 2134 945 2165 faciet
969 2135 1007 2166 de
1032 2135 1150 2166 allodio
1176 2137 1343 2167 memorati
1362 2136 1467 2167 Uri-ici
1491 2136 1530 2167 de
1553 2136 1711 2177 Baugei0‚
1737 2140 1768 2166 et
1792 2136 1937 2167 similiter
1961 2136 2000 2167 de

363 2183 488 2214 allodiis
513 2195 574 2225 que
600 2185 697 2215 habet
721 2189 752 2216 et
776 2196 837 2226 que
863 2186 994 2217 habebit
1020 2187 1102 2218 infra
1133 2188 1310 2229 imperium.
1403 2188 1449 2229 (3)
1478 2188 1550 2219 Hoc
1576 2199 1702 2230 quoque
1726 2192 1831 2219 ratum
1857 2188 2005 2218 similiter

363 2238 394 2265 et
417 2235 542 2265 firmum
568 2236 712 2267 volumus
742 2237 925 2273 observare,
958 2238 1041 2279 quod
1072 2239 1097 2269 si
1128 2240 1211 2270 forte
1236 2250 1294 2270 rex
1318 2240 1454 2270 Francis
1484 2240 1637 2270 insultum
1662 2240 1774 2270 fecerit
1798 2240 1942 2281 imperio,
1968 2242 2002 2270 tu

361 2286 391 2316 in
415 2287 543 2327 propria
567 2291 622 2317 tua
647 2298 785 2329 persona
803 2290 960 2319 auxilium
985 2290 1077 2320 nobis
1100 2290 1250 2332 prebebis
1276 2291 1315 2321 de
1333 2292 1419 2322 omni
1437 2296 1621 2322 casamento
1639 2292 1721 2333 quod
1740 2302 1758 2322 a
1775 2291 1867 2322 nobis
1885 2291 2002 2323 habes:

364 2341 396 2367 et
420 2338 445 2368 si
470 2349 527 2368 nos
560 2339 628 2379 regi
652 2339 788 2371 Francia
814 2345 845 2370 et
876 2341 945 2371 eius
970 2352 1069 2382 regno
1102 2342 1256 2372 insultum
1282 2343 1464 2377 fecerimus,
1496 2347 1531 2373 tu
1556 2344 1703 2374 similiter
1726 2343 1787 2384 ipsi
1812 2344 1844 2373 in
1869 2343 1999 2384 propria

362 2392 417 2420 tua
441 2400 578 2430 persona
607 2391 767 2431 prestabis
798 2392 951 2422 auxilium
984 2393 1022 2423 de
1047 2394 1132 2423 omni
1157 2398 1343 2425 casamento
1369 2394 1452 2435 quod
1477 2395 1516 2425 de
1542 2406 1580 2425 co
1605 2395 1717 2426 habes.
1808 2394 1853 2435 (4)
1880 2393 1999 2425 Contra

361 2451 487 2471 omnem
513 2442 610 2472 etiam
639 2442 801 2473 hominem
832 2446 939 2483 preter
963 2455 1073 2485 regem
1098 2444 1232 2476 Francie
1265 2457 1378 2487 pacem
1403 2449 1435 2477 et
1460 2457 1594 2477 werram
1624 2447 1724 2477 facies
1750 2446 1789 2477 ad
1814 2446 2001 2477 mandatum

360 2496 503 2522 nostrum
536 2493 575 2523 de
611 2494 763 2524 universo
796 2495 950 2525 comitatu
975 2496 1118 2533 Albonii‚
1153 2497 1240 2527 salvo
1275 2498 1342 2528 iure
1374 2498 1584 2528 ecclesiarum
1615 2498 1748 2539 imperii.
1839 2498 1886 2538 (5)
1919 2497 2001 2528 Con-

361 2544 548 2584 positionem
573 2555 700 2586 quoque
725 2545 824 2576 facies
842 2556 913 2576 cum
930 2546 1079 2577 fidelibus
1098 2548 1226 2580 nostris.
1251 2549 1494 2591 archiepiscopo
1512 2549 1692 2580 Viennensi
1711 2553 1742 2580 et
1759 2560 1829 2580 cum
1848 2549 2001 2590 episcopo

361 2594 659 2637 Gratianopolitano
690 2601 721 2627 et
751 2598 902 2638 episcopo
920 2598 1095 2629 Valentino
1129 2610 1226 2640 super
1257 2601 1465 2641 querimoniis
1500 2601 1576 2637 suis‚
1610 2602 1636 2631 si
1669 2612 1748 2642 quas
1772 2601 1941 2632 adversum
1968 2605 1999 2632 tc

362 2650 550 2692 proponant,
576 2648 626 2678 vel
651 2648 681 2678 in
711 2650 876 2689 presentia
901 2654 1011 2680 nostra
1035 2651 1086 2681 vel
1118 2651 1220 2681 fidelis
1250 2653 1349 2683 nostri
1374 2652 1479 2683 Urriei
1505 2653 1542 2682 de
1568 2652 1762 2683 Godenburc
1788 2653 1837 2683 vel
1863 2653 1995 2683 alterius

358 2699 439 2728 ‘certi
464 2700 570 2729 nuncii
596 2701 696 2730 nostri
721 2700 761 2731 ad
786 2701 844 2732 hoc
869 2701 1032 2733 destinati.
1121 2702 1170 2743 (6)
1205 2703 1238 2733 Si
1263 2714 1324 2744 que
1349 2705 1446 2735 etiam
1471 2708 1502 2734 et
1526 2705 1588 2735 alie
1614 2705 1833 2735 ecclesiastice
1858 2714 1996 2745 persone

360 2749 498 2790 aliquam
524 2753 776 2783 controversiam
801 2757 913 2783 contra
937 2757 968 2783 te
993 2753 1175 2791 habuerint,
1199 2755 1277 2796 ipsis
1302 2756 1354 2786 vel
1372 2755 1550 2786 secundum
1572 2756 1733 2786 iusticiam
1751 2756 1802 2786 vel
1820 2755 1998 2786 seeundum

461 2843 524 2869 325.
550 2844 572 2876 ²¹⁴)
592 2845 654 2877 Ηυξ
675 2856 711 2871 or.

2034 1631 2058 1648 10

2034 1892 2056 1910 15

2030 2149 2055 2168 20

2028 2408 2052 2425 25

2024 2664 2048 2682 30
