2205 3072
380 163 435 202 18⁷4
781 169 943 195 coNRAUI
964 169 1011 195 III.
1032 168 1354 195 CONSTITUTIONES.
1394 170 1465 194 1150.
1494 168 1612 193 N1·.1·28.

376 258 522 287 omnibus
552 257 724 288 abbatibus
758 260 789 287 et
822 256 986 287 monachis
1017 257 1089 287 talis
1115 256 1264 287 beneficii
1289 256 1543 286 concessionem.
1634 254 1681 294 (7)
1706 254 1785 284 Orta
1809 258 1859 284 est
1883 253 2016 284 nichilo-

375 308 479 338 minus
504 312 533 339 ct
560 309 622 338 alia
647 308 811 338 temeritas
836 307 875 337 ab
901 307 1014 338 eodem
1039 307 1229 341 Rabanone,
1254 306 1339 348 quod
1364 307 1446 337 intra
1470 316 1578 336 muros
1597 305 1806 336 Corbeiensis
1831 305 2018 335 monasterii

374 359 534 399 quandam
560 358 801 389 similitudinem
826 358 992 399 dignitatis
1025 359 1086 389 sibi
1110 358 1306 389 hereditario
1331 358 1422 389 iureb
1447 357 1647 390 vendicabat,
1680 367 1774 398 quam
1799 356 2016 397 prefecturam

375 411 570 452 appellabat.
596 415 628 441 et
653 421 686 441 se
712 402 1125 451 burkgravium*appellari
1149 410 1319 441 faeiebatb.
1345 420 1417 440 cum
1442 420 1553 440 omnes
1577 409 1712 439 abbates
1735 407 1881 439 eiusdem
1903 418 2014 438 mona-

375 463 463 493 sterii
490 463 571 493 hanc
596 466 791 503 potestatem
818 472 945 503 semper
970 462 1029 492 sub
1053 473 1086 492 se
1112 462 1295 495 habuerint.
1319 465 1354 492 ut
1378 461 1528 502 quicquid
1552 472 1570 491 a
1596 461 1662 491 suis
1686 460 1770 490 infra
1788 470 1895 490 muros
1913 459 2015 490 delin-

376 518 538 555 queretur,
569 517 623 544 aut
647 514 712 555 ipse
738 514 915 553 corrigeret
939 516 994 543 aut
1018 513 1194 544 camerario
1220 514 1270 544 vel
1295 513 1439 554 dapifero
1464 523 1520 543 suo
1546 523 1604 543 seu
1628 512 1724 542 alicui
1749 511 1787 542 de
1812 511 1933 542 familia
1958 521 2017 541 sua

374 565 597 606 corrig-endum
627 565 748 606 absque
778 565 844 595 ulla
874 568 1035 606 potestate
1066 565 1096 595 in
1127 569 1321 606 perpetuum
1350 575 1501 595 mansura
1533 564 1760 594 committeret.
1812 562 1883 593 Hac
1909 565 2017 593 autem

375 620 533 658 potestate
564 617 709 658 prefatus
733 616 869 647 Rabano
899 616 930 646 in
962 619 1085 646 tantum
1116 616 1235 646 abusus
1265 616 1339 647 fuit.
1370 620 1405 646 ut
1436 626 1506 647 eam
1533 615 1656 656 vulgari
1680 615 1809 645 nomine
1834 615 2017 656 appellaret

375 668 519 708 burgban
545 672 577 699 et
600 667 776 699 secundum
805 678 925 698 morem
954 668 1090 698 alicuius
1114 678 1229 708 magne
1260 668 1429 709 potestatis
1454 678 1529 709 sepe
1554 667 1636 697 infra
1660 677 1767 697 muros
1791 666 1961 707 placitaret
1985 670 2017 696 et

378 719 557 749 huiusmodi
589 719 706 761 placita
736 719 898 760 burgdink
928 719 1124 760 appellabat.
1177 719 1227 749 Ad
1258 719 1314 756 hec
1345 719 1463 760 placita
1492 719 1601 749 famuli
1625 718 1757 748 fratrum
1787 717 2016 748 monachorum

376 770 415 801 dc
441 771 577 812 coquina
601 774 656 801 aut
680 770 719 801 de
743 771 879 812 pistrino
905 781 963 801 seu
982 770 1021 800 de
1044 771 1188 811 quolibet
1206 781 1315 801 eorum
1334 770 1463 801 servitio
1481 771 1678 811 cogebantur
1696 770 1816 805 venire
1841 769 1892 811 qui
1910 769 2017 801 ctiam.

377 823 402 852 si
422 826 552 864 propter
569 822 799 864 impedimenta
816 823 937 853 servitii
954 822 1087 853 fratrum
1105 833 1272 853 occurrere
1291 833 1353 853 non
1375 826 1535 864 poterant,
1560 822 1717 853 violenter
1735 825 1766 852 et
1783 821 2016 852 contumeliose

374 885 392 904 a
414 874 542 904 famulis
572 874 657 904 illius
688 874 976 915 protrahebanturc
1009 878 1041 905 et
1068 885 1186 915 panem
1217 878 1272 904 aut
1296 885 1403 905 escam
1428 874 1562 905 fratrum
1587 873 1810 915 imperfectam
1836 873 2017 914 relinquere

375 926 660 967 compellebantur.
751 927 796 966 (8)
821 925 1017 956 Huiusmodi
1041 936 1118 966 ergo
1142 926 1361 957 temeritatem
1379 925 1417 956 de
1436 925 1495 956 hac
1513 926 1699 967 prefectura
1716 925 1801 956 circa
1818 924 2016 956 Corbeiense

375 978 603 1008 monasterium
633 988 674 1008 ex
707 977 824 1008 iudicio
855 978 1034 1019 principum
1067 979 1156 1019 regni
1187 988 1318 1019 prorsus
1349 977 1570 1008 interdicimus
1603 981 1635 1008 et
1659 977 1739 1008 hanc
1765 979 1959 1018 potestatem
1983 977 2014 1007 in

375 1040 469 1059 manu
493 1029 619 1060 abbatis
644 1041 727 1066 esse„
752 1030 834 1060 sicut
858 1031 1034 1071 antiquitus
1059 1030 1128 1062 fuit.
1152 1029 1365 1060 decernimus.
1411 1029 1495 1060 Nam
1519 1030 1550 1060 in
1576 1029 1739 1060 veteribus
1764 1039 1875 1070 regum
1901 1032 1933 1059 et
1957 1028 2015 1059 im-

375 1085 558 1121 peratorum
577 1082 738 1123 preceptis
757 1082 948 1117 continetur,
974 1086 1008 1112 ut
1025 1081 1130 1112 nullus
1149 1081 1223 1113 (lux.
1248 1081 1356 1112 nullus
1374 1091 1493 1118 comes,
1515 1081 1600 1112 nulla
1618 1081 1681 1111 alia
1699 1081 1854 1112 secularis
1871 1083 2017 1122 potestas

373 1132 511 1173 aliquam
540 1136 737 1174 potestatem
770 1134 851 1163 infra
881 1143 988 1163 muros
1014 1133 1157 1163 eiusdem
1183 1133 1316 1171 ecclesie
1341 1132 1512 1163 exercendi
1538 1133 1691 1163 iudicium
1715 1132 1845 1166 habeat,
1879 1132 1935 1163 sed
1960 1143 2018 1173 per

373 1184 523 1215 abbatem
549 1188 581 1215 et
604 1195 759 1226 personas
783 1185 1005 1226 temporaliter
1029 1196 1047 1216 a
1071 1196 1105 1215 se
1130 1185 1293 1215 ordinatas
1318 1185 1470 1226 quicquid
1494 1196 1511 1215 a
1536 1185 1663 1215 famulis
1693 1184 1879 1215 monasterii
1904 1187 2017 1214 contra

374 1235 450 1266 iuris
483 1239 515 1267 et
539 1237 609 1278 equi
635 1237 792 1267 rationem
817 1236 1013 1267 admissum‘l
1038 1237 1144 1273 fuerit,
1178 1236 1310 1267 iudicari
1340 1237 1518 1278 oporteat¹.
1566 1236 1606 1267 Et
1631 1237 1656 1267 si
1680 1236 1880 1278 principibus
1906 1238 2016 1266 contra
2044 1242 2055 1260 2

374 1288 575 1329 privilegium
601 1289 767 1329 imperiale
794 1299 856 1319 non
874 1289 959 1320 licet.
985 1289 1084 1319 multo
1103 1289 1207 1319 minus
1226 1288 1490 1319 ministerialibus
1508 1289 1605 1319 licere
1623 1292 1760 1319 constat.
1852 1288 1899 1328 (9)
1923 1287 2018 1318 Hanc

374 1339 471 1381 igitur
494 1341 710 1381 prefecturam
736 1344 768 1371 et
791 1340 1008 1382 supradictam
1033 1341 1116 1371 infra
1139 1351 1246 1371 muros
1272 1341 1425 1371 laicorum
1451 1340 1684 1371 habitationem
1707 1343 1805 1382 atque
1829 1339 1967 1381 dapiferi
1987 1342 2020 1370 et

374 1392 524 1432 pincerne
554 1392 593 1423 de
626 1392 862 1423 committendis
896 1393 1040 1423 clavibus
1070 1396 1266 1434 potestatem
1300 1392 1339 1422 ab
1372 1392 1478 1433 aliquo
1503 1393 1649 1434 usurpari
1674 1396 1706 1423 et
1731 1391 1926 1423 hereditario
1950 1392 2019 1422 iure

374 1443 537 1474 vendicari
569 1445 601 1474 in
633 1445 816 1486 supradicto
849 1445 1061 1476 monasterio.
1101 1445 1284 1475 nullatenus
1316 1445 1544 1485 permittimus:
1582 1444 1637 1475 sed
1675 1444 1733 1474 has
1763 1448 1827 1474 tres
1858 1443 2017 1485 predictas

374 1496 611 1536 usurpationes,
641 1496 818 1527 secundum
843 1496 959 1527 iudicia
989 1497 1264 1527 ministerialiumh
1290 1500 1471 1527 nostrorum
1497 1500 1592 1538 atque
1617 1497 1811 1527 sententiam
1836 1495 2016 1537 principum
2045 1500 2056 1518 *2

375 1548 465 1588 regni
499 1548 647 1579 omnibus
680 1548 770 1579 laicis
802 1548 933 1579 decreto
964 1549 994 1578 in
1025 1552 1218 1589 perpetuum
1248 1548 1385 1578 valituro
1418 1548 1637 1579 interdicimus
1671 1552 1702 1580 et
1733 1548 1846 1578 horum
1877 1547 2018 1578 omnium

374 1602 569 1640 potestatem
603 1599 710 1630 abbati
742 1600 958 1630 attribuimus.
1049 1600 1116 1639 (ic)
1147 1599 1304 1630 Iudicium
1336 1600 1375 1630 de
1408 1600 1552 1631 clavibus
1584 1601 1706 1631 invenit
1731 1599 1898 1630 Oenradvs
1924 1599 2017 1629 mini-

375 1651 513 1681 sterialis
538 1655 647 1681 noster
671 1650 710 1681 de
734 1650 840 1691 Haga.
888 1651 937 1682 De
963 1651 1163 1682 habitatione
1189 1652 1271 1681 intra
1296 1662 1402 1682 muros
1427 1655 1458 1682 ct
1487 1652 1525 1682 de
1551 1652 1735 1693 prefectura
1759 1651 1913 1682 iudicium
1932 1650 2019 1682 dedit

375 1703 451 1733 item
476 1703 693 1733 ministerialis
718 1707 830 1733 noster
854 1702 1018 1734 Gom-advs
1043 1703 1081 1734 de
1100 1702 1303 1734 walehusen
1328 1704 1524 1735 camerarius
1548 1707 1658 1734 noster
1674 1715 1693 1734 a
1710 1703 1882 1734 thesauris.
1922 1703 2014 1733 Prin-

376 1754 481 1796 cipese
511 1760 617 1785 autem
648 1765 720 1785 cum
750 1755 1016 1785 ministerialibus
1042 1755 1108 1785 suis
1133 1755 1164 1785 hi
1190 1756 1417 1786 interfuerunt:
1451 1755 1604 1786 Ortleuus
1631 1756 1820 1786 Basiliensis
1846 1755 2016 1796 episcopus

376 1810 408 1836 et
433 1807 480 1836 sui
511 1807 749 1840 ministeriales,
779 1806 1006 1837 Heremannus
1031 1806 1291 1837 Constantiensis
1323 1808 1493 1848 episcopus
1524 1812 1556 1838 et
1586 1808 1634 1838 sui
1660 1807 1900 1843 ministeriales5
1930 1805 2019 1837 Gun—

376 1858 486 1888 thcrus
518 1858 678 1899 Spirensis
712 1858 883 1899 episcopus
916 1862 947 1889 et
979 1859 1027 1888 sui
1064 1858 1307 1890 ministeriales.
1346 1858 1484 1889 Eilulfus
1515 1858 1736 1889 Mol-bacensis
1773 1858 1874 1889 abbas
1908 1862 1940 1889 et
1971 1857 2020 1888 sui

379 1910 614 1941 ministeriales.
632 1909 823 1940 Waltherus
842 1909 1002 1941 Selsensis
1027 1910 1127 1940 abbas
1146 1914 1176 1940 et
1194 1910 1243 1940 sui
1261 1910 1500 1948 ministeriales,
1523 1935 1529 1940 .
1549 1934 1554 1940 .
1574 1935 1579 1940 .
1599 1936 1604 1942 .
1631 1910 1899 1952 Campidonensis
1917 1909 2019 1940 abbas

377 1965 409 1991 ct
426 1962 474 1992 sui
492 1962 732 2000 ministeriales.
751 1986 858 1992 .....
878 1961 1200 2002 NVizzemburgcnsis
1219 1961 1319 1992 abbas
1337 1966 1368 1992 et
1386 1962 1434 1992 sui
1450 1963 1690 1997 ministeriales,
1709 1962 1814 1993 clerus
1831 1965 1863 1993 et
1880 1962 2018 2003 populus

376 2013 618 2044 Vurmaciensis
649 2014 783 2051 ecclesie
811 2024 869 2054 que
899 2018 973 2043 tunc
1005 2014 1150 2046 vacabat,
1181 2014 1284 2044 clerus
1309 2018 1340 2044 et
1366 2014 1502 2055 populus
1526 2014 1698 2045 Fuldensis
1724 2014 1907 2045 monasterii
1931 2013 2016 2055 quod

376 2068 449 2094 tuuc
475 2065 622 2098 vacabat,
648 2065 753 2095 clerus
777 2068 808 2094 et
832 2065 970 2106 populus
995 2064 1276 2095 Laurishamensis
1300 2065 1486 2095 monasterii
1512 2064 1595 2106 quod
1619 2068 1694 2095 tuuc
1720 2065 1864 2101 vacabat,
1888 2065 2018 2096 Frithe-

376 2117 459 2146 ricus
485 2116 549 2146 dux
574 2116 689 2154 Suevie
714 2122 745 2147 et
767 2117 889 2153 Alsatie
915 2120 946 2146 et
968 2117 1017 2146 sui
1044 2116 1280 2151 111inisteriales.
1307 2116 1382 2146 Otto
1407 2117 1569 2157 palatinus
1591 2128 1697 2147 comes
1721 2116 1760 2147 de
1779 2117 2018 2158 withelispach

376 2171 408 2198 et
439 2169 486 2198 sui
519 2168 756 2200 ministeriales,
787 2168 1006 2198 Herimannus
1036 2167 1177 2198 marchio
1208 2167 1247 2198 de
1272 2167 1400 2198 Bathen
1431 2172 1463 2198 et
1491 2169 1539 2198 sui
1565 2169 1798 2206 ministeriales,
1816 2167 2018 2199 WVernherus

376 2230 483 2250 comes
513 2219 551 2250 dc
576 2219 865 2261 Havekhesperch,
897 2210 1079 2250 Othelricus
1109 2230 1214 2249 comes
1246 2219 1284 2250 de
1314 2219 1548 2260 Lenzemburg.
1579 2219 1804 2251 NVillehelmus
1838 2230 1946 2252 comes
1976 2220 2016 2251 de

376 2271 559 2312 Glizperch.
585 2282 691 2302 comes
710 2271 894 2301 Willelmus
919 2271 958 2301 de
984 2271 1115 2303 luliaco.
1148 2281 1253 2301 comes
1278 2271 1405 2301 imikho
1437 2271 1475 2302 de
1500 2272 1669 2312 Liningen,
1699 2283 1804 2302 comes
1828 2272 2016 2303 Vulframus

483 2364 543 2391 128.
570 2370 591 2395 9)
611 2367 645 2390 sic
666 2366 786 2391 Essemus.-
805 2367 1016 2398 pertrahebantur
1036 2366 1157 2396 I'lee'lipstiv
1266 2365 1289 2396 ¹¹)
1310 2367 1354 2396 lays.
1376 2367 1544 2392 commissum.
1652 2371 1673 2393 e)
1697 2368 1788 2392 abhinc
1807 2372 1876 2392 testes
1896 2368 2020 2392 subtiliori

376 2410 505 2440 scriptura
525 2409 607 2433 maliti
626 2415 689 2433 sunt.

482 2496 504 2525 l)
526 2494 568 2519 Dc
583 2497 707 2527 potes-late
725 2495 842 2527 barulum
860 2496 891 2525 cs.
912 2503 979 2527 tlara:
998 2494 1060 2519 dicit
1082 2502 1128 2519 rm:
1148 2495 1172 2518 in
1193 2494 1329 2526 privileyio
1347 2504 1370 2520 a.
1386 2499 1455 2527 1147,
1476 2504 1528 2527 qao
1548 2495 1737 2521 ›aonasterima
1751 2495 1887 2521 Kcmnadc
1901 2495 2020 2521 abbatiae

378 2538 523 2564 corbeiensi
538 2539 688 2571 incorporat
703 2542 715 2571 (’
725 2539 853 2565 Wilnmns
868 2540 907 2571 Il,
925 2549 951 2571 [1,
964 2542 1014 2565 3114
1029 2547 1068 2563 nr.
1078 2542 1140 2565 2¹25:
1163 2539 1400 2564 Imm-rurkmulen.
1414 2540 1439 2564 in
1454 2539 1638 2572 Abbilzlunycn
1655 2539 1690 2571 X,
1705 2539 1756 2564 tab.
1767 2543 1796 2569 .5;
1815 2539 2020 2572 Stampf3543):

377 2582 550 2607 Ain-toritate—
575 2590 637 2607 vero
664 2584 756 2607 nostra
781 2582 857 2615 regia
878 2583 983 2618 prefate
1003 2582 1070 2606 celle
1091 2582 1243 2618 Kaminatle
1263 2582 1359 2607 «lamus
1379 2591 1410 2608 ae
1429 2583 1539 2608 decreto
1561 2583 1589 2608 in
1610 2584 1773 2616 perpetuum
1788 2582 1907 2608 valituro
1922 2582 2018 2608 confir—

377 2634 481 2650 mamus
502 2626 615 2651 eamlem
638 2625 803 2656 lilwrtatem,
825 2634 907 2658 quam
928 2625 1011 2650 habet
1032 2625 1194 2650 (joi-beiense
1215 2625 1423 2657 monasterium,
1443 2625 1549 2651 seilicet
1570 2627 1752 2659 prefecturam
1774 2625 1849 2650 urbis
1869 2634 1922 2658 que
1937 2625 2020 2658 vulgo

377 2668 478 2693 ilii-itur
504 2669 636 2702 burgban.
662 2677 691 2694 ca
712 2669 841 2694 videlicet
867 2667 1005 2701 privilegii
1032 2667 1146 2695 ration(-v
1175 2670 1202 2693 ut
1224 2668 1315 2693 nullu>v
1336 2668 1399 2694 «lux.
1427 2669 1518 2694 nullus
1539 2668 1667 2694 marchio.
1695 2668 1785 2693 nullus
1805 2676 1902 2697 eomes,
1928 2668 2020 2694 nullus

367 2712 526 2737 'mlvocatus
546 2714 713 2745 potestatem
733 2712 835 2737 habeat
855 2711 998 2737 exercendi
1020 2711 1152 2736 iudicium
1174 2711 1200 2736 in
1221 2711 1292 2736 atrio
1312 2711 1435 2748 predicte
1456 2712 1576 2748 ecclesie,
1602 2712 1648 2737 sed
1668 2711 1800 2744 quicquid
1821 2712 1912 2744 preter
1932 2711 1973 2736 ius
1993 2713 2020 2738 et

377 2764 477 2790 equum
497 2763 512 2780 a
532 2756 649 2783 famulis,
669 2755 714 2788 qui
735 2758 791 2780 tam
806 2755 900 2780 abbati
915 2763 997 2787 quam
1013 2755 1221 2787 congregationi
1236 2755 1369 2787 obsequio
1384 2755 1537 2781 cottidiano
1552 2755 1719 2786 deserviunt,
1739 2754 1912 2780 commissum
1926 2755 2017 2781 fuerit.

377 2798 410 2823 ab
431 2798 532 2823 abbate
553 2799 594 2823 vel
615 2799 649 2823 ab
670 2807 700 2823 eo
721 2799 763 2823 cui
785 2798 842 2831 ipsc
864 2798 1035 2824 mandaverit
1055 2798 1217 2831 corrigatur.

2047 726 2069 743 lu

2044 984 2066 1001 15

2046 1757 2070 1775 30

2046 2015 2070 2033 35

2047 2277 2071 2295 40

2046 2806 2070 2824 50
