2205 3072
309 158 370 187 (166
580 154 708 180 LEONIS
728 153 800 179 VIII.
820 152 937 179 PAPAE
956 151 1195 178 PRIVILEGIUM
1215 151 1338 178 MINUS.
1375 152 1529 179 953—965.
1565 152 1612 178 Nr.
1625 152 1683 178 448.

692 255 956 297 Privilegium
989 255 1119 286 sancti
1148 255 1277 286 Leoni
1307 265 1434 296 papae
1457 254 1566 287 VIII.³

410 319 457 359 (1)
483 317 663 349 Convenitb
687 316 866 358 apostolico
890 315 1107 353 moderamine
1132 315 1330 357 pollentibus
1349 315 1503 346 benivola
1519 317 1745 358 compassione
1763 327 1950 348 succurrere

309 374 341 402 et
365 370 588 412 poscentium0
612 369 727 400 animis
759 368 858 399 alacri
890 367 1060 398 devotione
1090 366 1226 408 prebere
1252 377 1432 398 assensum.
1477 366 1530 397 Ex
1554 367 1613 398 hoc
1638 368 1721 398 enim
1746 369 1951 410 potissimum

307 422 464 463 premium
488 420 574 462 apud
591 420 789 451 conditorem
807 419 949 449 omnium
966 417 1153 459 reponiturd
1178 417 1294 457 Deum,
1320 418 1469 459 quando⁰
1493 429 1619 450 omnem
1638 420 1759 451 clerum
1776 423 1808 451 et
1825 430 1951 451 omnem

308 474 462 515 populum
487 474 663 504 asserimus
689 483 761 504 esse
786 470 977 502 concordem
1002 473 1033 500 et
1054 469 1093 500 ad
1111 469 1278 500 meliorem
1297 469 1394 500 fuerit
1416 470 1486 501 sine
1503 470 1599 501 dubio
1617 474 1735 502 statum
1752 471 1952 513 perductusf.

311 525 356 566 (2)
382 525 490 566 Atque
515 524 588 555 ideo
613 524 688 565 quia
711 524 795 554 iuste
820 526 853 554 et
875 521 1111 553 rationabiliter
1133 524 1242 552 vestra
1265 521 1471 553 humilitateg
1495 525 1605 553 nostro
1629 523 1826 563 apostolatui
1849 523 1954 554 humi-

308 578 380 608 liter
403 576 621 618 postulastish,
652 576 802 617 quatinus
827 574 1027 616 gratulanter
1058 572 1270 615 peragentesi
1295 576 1441 604 sanctam
1466 573 1636 615 synodum,
1666 577 1775 605 nostro
1800 573 1954 605 consiliok

309 628 556 669 congregatam¹
579 627 774 669 patriarchio
791 625 1045 663 Lateranensim,
1069 625 1101 655 in
1119 624 1258 655 ecclesia
1275 625 1379 655 sancti
1397 625 1576 656 Salvatoris
1595 626 1812 664 constitutam,
1830 637 1848 656 a
1865 636 1953 656 com-

310 680 454 722 pluribus
479 680 555 710 viris
587 679 752 710 catholicis
782 677 942 720 episcopis
974 679 1007 707 et
1038 675 1220 714 abbatibus,
1252 675 1385 718 insuper
1408 676 1567 707 iudicibus
1591 687 1628 707 ac
1651 676 1734 718 legis
1758 676 1952 715 doctoribus,

309 731 598 774 promulgantibus,
635 730 772 772 qualiter
807 731 915 771 quiete
951 740 988 760 ac
1024 729 1158 770 pacifice
1196 732 1282 760 stare
1318 739 1354 759 ac
1388 729 1495 760 vivere
1527 729 1709 767 valeamus,
1747 729 1952 770 presentibus

310 783 457 814 omnibus
494 782 556 813 den
587 782 720 823 singulis
750 782 936 822 regionibus
965 781 1060 812 huius
1093 781 1176 811 alme
1207 780 1296 811 urbis
1326 780 1430 811 Rome
1466 791 1503 811 ac
1537 791 1579 811 ex
1607 779 1756 811 omnibus
1787 780 1954 811 ordinibus

310 835 406 866 cleri⁰
430 845 467 865 ac
491 834 611 876 populi,
645 833 866 864 asserentibus
897 835 929 864 et
957 832 1221 863 confirmantibus
1246 842 1303 873 per
1327 832 1443 871 onmia,
1477 832 1604 863 heresiP
1629 835 1661 862 et
1684 832 1898 863 altercati0ne
1922 835 1955 863 et

309 887 395 917 omni
430 896 538 917 errore
568 885 714 927 expulso,
744 885 893 926 quoniam
923 885 1039 915 nimisq
1063 884 1111 914 his
1142 883 1342 925 temporibus
1374 894 1462 914 error
1485 894 1526 914 cx
1554 883 1614 914 hoc
1639 883 1816 922 crescebat,
1841 883 1953 914 decer-

311 939 433 969 nimusr
456 941 522 968 tam
547 937 586 968 de
610 937 758 968 Romano
784 936 908 978 inperio
935 946 1029 977 quam
1048 935 1087 966 de
1105 935 1282 977 apostolica
1300 935 1377 965 sede
1395 940 1450 966 acs
1473 934 1632 976 dignitate
1649 935 1840 976 patriciatus
1857 945 1952 976 quam

309 990 349 1021 de
374 990 586 1021 investitura‘
610 989 829 1030 episcopatus.
922 987 970 1028 (3)
994 987 1119 1018 Idcirco
1144 987 1185 1018 ad
1203 987 1388 1028 exemplum
1413 987 1500 1017 beati
1517 986 1652 1017 Adriani
1671 986 1757 1017 sedis
1775 987 1951 1028 apostolice

313 1041 467 1084 episcopi,
492 1041 581 1071 cuius
598 1041 695 1071 vitam
719 1042 751 1071 et
773 1040 932 1070 actionem
950 1040 1049 1070 satisu
1067 1038 1240 1069 discretam
1258 1038 1438 1069 audivimus
1464 1041 1496 1069 et
1513 1038 1765 1069 rationabilemv
1781 1038 1955 1069 admodum

314 1094 345 1124 in
370 1094 460 1124 suisW
485 1093 684 1133 spiritalibus
710 1091 929 1123 sanctionibus
955 1091 1212 1131 recognovimus,
1238 1090 1315 1131 quiX
1340 1089 1499 1120 eiusmodi
1525 1093 1671 1121 sanctam
1697 1090 1854 1131 synodum
1879 1101 1954 1121 con-

312 1145 415 1176 stituit
444 1147 495 1175 ety
527 1144 643 1174 domno
672 1143 794 1174 Karolo
825 1142 1091 1173 victoriosissimo
1121 1142 1188 1182 regi
1214 1141 1412 1172 Francorum
1441 1144 1559 1182 atque⁷¹
1584 1141 1886 1182 Longobardorum,
1917 1152 1954 1172 ac

311 1196 448 1238 patricio
469 1195 709 1226 Romanoruma
733 1194 922 1237 patriciatus
948 1194 1139 1235 dignitatem
1163 1203 1199 1224 ac
1225 1193 1461 1224 ordinationem
1486 1193 1687 1234 apostolicae
1706 1192 1791 1224 sedis
1809 1193 1861 1224 ctb
1886 1193 1955 1234 epi-

315 1251 503 1289 scopatuum
529 1247 714 1284 concessit0,
740 1257 798 1276 nos
823 1256 950 1287 quoque
975 1246 1042 1277 Leo
1068 1255 1180 1276 servus
1205 1255 1370 1276 servorum
1389 1244 1451 1275 Dei
1474 1244 1668 1286 episcopus‘l
1693 1245 1858 1276 similitcr⁰
1884 1255 1955 1275 cum

313 1303 426 1329 cuncto
444 1299 529 1329 clero
549 1302 580 1329 et
598 1299 748 1329 universo
767 1298 884 1339 populo
902 1297 1050 1327 Romano
1070 1295 1307 1337 omnibusquef
1329 1295 1495 1327 ordinibus
1514 1296 1630 1328 huiusg
1647 1297 1730 1328 alme
1747 1297 1855 1335 Urbis,
1873 1297 1957 1327 sicut

310 1351 342 1381 in
368 1350 445 1392 ipsis
471 1350 659 1390 conscriptis
690 1352 835 1391 apparet,
868 1349 1102 1385 constituimus,
1137 1348 1373 1387 confirmamus,
1407 1348 1655 1379 corroboramus
1681 1352 1713 1379 et
1736 1359 1793 1390 per
1816 1351 1958 1379 nostram

312 1402 524 1443 apostolicam
549 1401 774 1432 auctoritatem
799 1400 1025 1431 concedimush
1050 1404 1146 1441 atque
1170 1400 1326 1441 largimur
1349 1399 1467 1430 domno
1486 1400 1613 1431 Ottonii
1636 1401 1739 1442 primo
1757 1399 1959 1431 Teutonicok

311 1454 389 1494 regi,
422 1453 631 1483 dilectissimo
665 1452 822 1494 spirituali
852 1453 883 1483 in
914 1452 1042 1482 Christo
1072 1451 1136 1482 filio
1169 1454 1289 1489 nostro,
1322 1451 1457 1492 eiusque
1483 1452 1724 1483 successoribus
1749 1452 1843 1483 huius
1867 1452 1959 1493 regni

315 1506 407 1536 Italic
440 1506 472 1536 in
507 1508 699 1547 perpetuum
733 1508 799 1535 tam
834 1505 894 1535 sibi
927 1504 1115 1535 facultatem
1147 1514 1368 1534 successorem
1399 1503 1551 1544 eligendi,
1587 1513 1683 1544 quam
1714 1514 1838 1534 summe
1870 1503 1956 1535 sedis
1985 1511 1996 1529 2

312 1558 487 1599 apostolice
519 1557 702 1598 pontificem
732 1555 911 1594 ordinandi,
941 1566 978 1586 ac
1011 1566 1069 1597 per
1097 1555 1159 1585 hoc
1186 1554 1231 1585 ct1
1255 1554 1517 1596 archiepiscopos
1544 1565 1602 1585 seu
1627 1555 1809 1596 episcopos,
1838 1558 1874 1586 ut
1898 1555 1960 1596 ipsi

312 1612 448 1640 tamenm
472 1609 510 1639 ab
535 1619 572 1639 eo
603 1609 827 1639 investituram
852 1607 1051 1648 suscipiaut¹¹
1081 1610 1113 1637 ct
1144 1607 1421 1637 consecrationem
1451 1607 1611 1648 recipiant
1634 1607 1861 1648 undecumque
1885 1617 1958 1649 per-

312 1661 475 1698 tinuerit0,
508 1660 654 1701 exeeptis
684 1660 733 1690 his
759 1670 836 1701 quos
870 1660 1046 1700 imperator
1069 1658 1212 1700 pontifici
1238 1662 1270 1689 et
1295 1658 1546 1700 archiepiscopis
1573 1659 1745 1691 concessit.
1835 1658 1884 1701 (4)
1908 1659 1960 1689 Ita

313 1712 443 1742 deinum
474 1712 660 1750 asserimus,
694 1715 728 1742 ut
759 1722 853 1741 nemo
884 1711 1047 1751 deinceps,
1079 1710 1234 1751 cuiusque
1260 1709 1379 1751 gradus
1404 1710 1455 1740 vel
1480 1709 1692 1741 conditionisp
1715 1713 1770 1741 aut
1794 1710 1959 1752 dignitatis

315 1764 404 1794 siveq
426 1763 654 1804 religiositatis,
680 1762 819 1803 eligendi
843 1773 953 1803 regem
972 1763 1025 1793 vel
1046 1762 1233 1803 patriciumr
1251 1762 1317 1792 sive
1334 1762 1518 1803 pontificem
1538 1772 1662 1792 summe
1680 1762 1765 1793 sedis
1783 1762 1956 1803 apostolice

315 1819 369 1846 aut
401 1825 636 1856 quemcumque
673 1815 877 1856 episcopumS
902 1814 953 1845 vel
985 1813 1153 1844 ordinandi
1185 1813 1305 1844 habeat
1329 1814 1535 1848 facultatem
1574 1817 1621 1844 set
1646 1814 1703 1844 soli
1730 1814 1798 1854 regi
1821 1813 1960 1844 Romani

315 1867 441 1908 imperii
458 1867 540 1897 hanc
557 1866 756 1897 reverentiet
780 1866 950 1896 tribuimus
967 1865 1166 1904 facultatem,
1190 1865 1314 1906 absque
1333 1865 1417 1896 omni
1437 1865 1575 1906 pecunia
1591 1865 1650 1896 hec
1667 1866 1794 1896 omniau
1812 1865 1960 1906 superius

419 1959 483 1986 448.
508 1962 531 1993 a)
552 1962 641 1986 lemma
665 1962 690 1986 ἰιι
710 1961 737 1986 1:
766 1962 933 1993 Privilegium
958 1962 1039 1985 sancti
1064 1961 1144 1985 Leoni
1167 1969 1249 1993 papae
1269 1961 1342 1991 VIII;
1372 1961 1397 1984 ἱιι
1420 1960 1449 1984 ⁴2:
1477 1961 1606 1992 Incipiunt
1628 1961 1746 1985 daem-eta
1767 1961 1859 1985 Leonis
1883 1969 1961 1993 pape;

315 2005 342 2028 in
360 2004 390 2029 3:
417 2005 455 2028 Ex
480 2005 586 2028 decretis
606 2002 698 2028 Leonis
724 2013 803 2036 papae
822 2005 909 2028 ottoni
934 2004 1014 2036 primo
1037 2004 1091 2036 regi
1109 2004 1339 2034 'l‘heutouicorum3
1368 2004 1393 2027 [11.
1412 2002 1442 2027 4:
1469 2004 1507 2027 Ex
1527 2004 1591 2027 decr,
1612 2004 1640 2027 L.
1660 2012 1683 2036 p.
1703 2004 1783 2035 primo
1801 2013 1821 2028 r.
1840 2004 1960 2028 Teutoni-

315 2056 409 2072 corum.
468 2045 493 2078 b)
515 2048 639 2071 Convenit
654 2061 682 2064 —
698 2048 728 2070 ‹le
741 2047 893 2071 investitura
906 2047 1066 2079 episcopatus
1080 2056 1135 2078 cap.
1148 2050 1160 2070 1
1173 2051 1194 2071 ct
1207 2049 1222 2071 2
1240 2046 1289 2071 des.
1305 2046 1451 2078 eodm-115.
1506 2050 1528 2078 c)
1548 2055 1650 2078 poscere
1663 2047 1704 2071 cui
1720 2046 1747 2077 13
1766 2047 1922 2079 possondum
1934 2046 1958 2071 2.
1999 2055 2009 2066 υ

316 2088 338 2119 d)
358 2090 519 2121 depromitur,
539 2090 598 2113 dum
620 2089 641 2113 l.
746 2088 768 2117 Θ)
788 2089 939 2121 quandoque
960 2088 981 2113 1.
1001 2089 1024 2113 ⁵2.
1112 2088 1135 2121 f)
1155 2090 1294 2121 productus
1313 2088 1336 2113 3.
1424 2090 1448 2116 g)
1468 2093 1556 2114 nostra
1575 2090 1701 2113 umilitate
1723 2089 1743 2112 l.
1831 2088 1856 2120 ²¹)
1875 2093 1961 2122 postu-

316 2133 374 2157 latis
394 2132 416 2156 1.
504 2131 521 2163 i)
541 2136 706 2164 peragrantes
726 2131 746 2156 1.
766 2131 789 2156 3.
808 2131 832 2156 4,
937 2131 963 2163 k)
983 2133 1090 2156 coneilio
1111 2131 1133 2156 1.
1153 2131 1174 2155 2.
1282 2131 1300 2163 l)
1320 2133 1345 2156 in
1365 2132 1425 2156 add.
1441 2132 1463 2156 3.
1557 2132 1589 2164 ¹¹¹)
1608 2133 1715 2156 laterani
1733 2131 1756 2157 2.
1776 2131 1802 2162 3;
1822 2136 1886 2164 patr.
1904 2133 1960 2157 Lat.

317 2176 366 2200 (les.
381 2175 404 2199 4.
493 2178 517 2205 Β)
537 2175 604 2199 deest
625 2175 651 2203 l:
671 2179 695 2199 et
714 2174 736 2198 ⁴2.
842 2180 865 2205 υ)
885 2176 979 2207 clericy
999 2175 1020 2199 1.
1126 2175 1149 2205 P)
1170 2175 1238 2199 omni
1258 2175 1340 2199 heresi
1359 2176 1382 2199 3.
1401 2175 1425 2199 4.
1526 2176 1550 2205 q)
1571 2176 1664 2199 nimius
1682 2174 1707 2200 2.
1726 2174 1749 2199 3.
1837 2175 1859 2206 1”)
1878 2176 1961 2200 decre-

318 2219 402 2242 uimus
422 2217 445 2242 4.
535 2216 554 2247 5)
573 2218 603 2242 de
622 2218 683 2241 add.
696 2217 719 2241 3.
738 2216 761 2241 4.
868 2218 887 2245 t)
907 2218 1032 2242 vestitura
1051 2216 1072 2241 2.
1175 2220 1198 2249 ¹¹)
1217 2222 1256 2242 sat
1275 2217 1297 2241 2.
1387 2218 1411 2248 v)
1431 2219 1614 2243 rationabiliter
1635 2218 1660 2248 1;
1680 2218 1875 2243 rationabilibus
1892 2217 1917 2242 3.
1936 2217 1960 2242 4.

317 2261 347 2291 w)
368 2262 433 2285 ssuis
455 2260 476 2285 1.
563 2260 588 2291 x)
609 2261 669 2292 quia
687 2259 709 2284 2.
780 2265 803 2291 5)
822 2262 852 2285 in
877 2261 1063 2293 praesentia
1082 2261 1217 2285 omnium
1236 2269 1409 2293 eorumque
1429 2262 1630 2286 authoritate
1649 2261 1710 2285 cum.
1732 2261 1756 2286 T.
1844 2260 1867 2292 z)
1886 2269 1916 2286 ae
1937 2260 1957 2285 1.

317 2304 491 2333 ²)R01nano
515 2305 644 2336 suisque
668 2304 911 2328 successoribus
934 2312 1066 2336 regnum
1092 2304 1206 2328 ltaliae
1231 2303 1257 2329 T.
1367 2303 1391 2335 1ν’)
1411 2304 1478 2329 deest
1499 2304 1519 2328 1.
1627 2304 1650 2335 ο)
1676 2305 1818 2336 Insuper
1846 2307 1875 2328 ot
1902 2304 1962 2335 cpi-

318 2351 504 2379 scopatuum
533 2348 751 2372 investituras
776 2347 871 2371 velut
897 2348 959 2379 ipsi
987 2356 1057 2371 cum
1082 2347 1285 2371 discretione
1305 2350 1333 2371 et
1358 2348 1543 2371 reverentia
1562 2348 1687 2371 libitum
1712 2347 1824 2371 suerit.
1860 2347 1963 2378 Igitur

319 2390 377 2414 add.
400 2390 424 2413 T.
521 2389 545 2421 d)
565 2391 597 2415 ad
616 2391 680 2415 idem
700 2390 845 2422 exemplum
869 2390 935 2414 beati
954 2390 1060 2413 Adriani
1080 2389 1141 2414 add.
1164 2389 1190 2413 T.
1279 2390 1300 2420 e)
1320 2390 1395 2414 simul
1416 2389 1438 2413 1.
1528 2389 1550 2421 f)
1570 2390 1688 2414 omnibus
1708 2389 1730 2414 1.
1818 2388 1842 2419 ς)
1861 2390 1919 2413 uius
1941 2388 1961 2413 l.

318 2432 343 2463 h)
362 2433 532 2457 concessimus
552 2433 574 2457 1.
593 2433 617 2457 2.
722 2432 740 2464 i)
764 2434 864 2457 domino
891 2433 984 2457 Othoni
1016 2433 1095 2464 primo
1123 2433 1249 2464 Augusto,
1281 2433 1430 2462 Teutonico,
1459 2433 1513 2464 regi
1540 2432 1758 2464 providentissimo
1786 2432 1913 2464 spirituali
1936 2431 1960 2455 T.

317 2474 342 2505 k)
361 2476 559 2500 Teutonicorum
572 2475 595 2501 3.
615 2475 637 2500 4.
743 2475 761 2505 ¹)
781 2477 848 2501 deest
868 2476 888 2500 1,
996 2478 1027 2507 ¹¹¹)
1047 2480 1145 2500 tantuin
1165 2475 1190 2499 T.
1305 2477 1329 2503 ¹¹)
1350 2476 1475 2506 accipiant
1494 2474 1516 2499 3.
1536 2474 1558 2498 4.
1665 2474 1689 2505 υ)
1710 2475 1875 2506 pertinuerint
1894 2474 1917 2499 3.
1937 2473 1960 2498 4.

318 2518 342 2550 P)
362 2519 527 2543 condictionis
549 2518 569 2543 l.
682 2520 706 2550 (1)
726 2520 767 2543 vel
786 2518 809 2543 2.
907 2522 928 2550 1‘)
948 2519 1085 2551 principem
1110 2519 1136 2542 T.
1225 2520 1245 2550 8)
1266 2519 1440 2550 episcoporum
1460 2517 1480 2541 1.
1573 2518 1592 2548 t)
1612 2518 1781 2542 reuerentiam
1799 2516 1826 2548 *ἐς
1846 2525 1961 2541 reveren-

321 2562 377 2585 dam
396 2560 419 2585 3.
439 2560 462 2586 4.
488 2562 513 2585 T.
602 2562 626 2593 u)
645 2562 711 2586 deest
730 2561 753 2586 3.
773 2561 796 2586 4.

323 2637 496 2674 investiatur.
526 2646 580 2663 non
610 2638 790 2663 consecretur.
837 2637 863 2663 Si
893 2637 954 2670 quis
983 2638 1079 2662 contra.
1106 2637 1178 2662 hanc
1203 2636 1385 2670 apostolicam
1405 2636 1600 2662 auctoritatem
1620 2635 1725 2668 aliquid
1745 2635 1865 2666 molitur,
1889 2635 1962 2661 hunc

321 2681 598 2706 excommunicationi
622 2681 763 2706 subiacere
787 2681 958 2706 decernimus
982 2682 1017 2712 et,
1044 2680 1097 2706 nisi
1116 2680 1272 2714 resipuerit.
1297 2680 1477 2706 inrevocabili
1498 2679 1580 2706 exilio
1600 2679 1693 2714 puniri
1712 2679 1756 2705 vel
1775 2678 1880 2704 ultimis
1899 2687 1962 2712 sup-

322 2723 412 2756 pliciis
432 2723 513 2749 feriri.
551 2723 673 2757 Explicit
693 2724 831 2749 decretum
839 2724 855 2749 1.

423 2783 441 2809 ¹>
461 2785 534 2816 Expl.
555 2786 620 2809 decr.
641 2785 689 2809 cles.
706 2785 728 2810 22.

1993 481 2003 499 5

1982 737 2005 755 10

1982 994 2005 1012 15

1984 1250 2009 1268 20

1986 1766 2010 1784 30

1987 2262 2012 2280 40

1988 2480 2012 2498 45

1990 2729 2014 2747 50
