2205 3072
190 261 215 280 Β,
232 263 263 286 15,
274 263 305 281 22.

189 413 214 433 13.
228 416 258 439 15,
269 416 300 434 23.

189 469 213 488 ΒΔ
231 472 261 495 15,
270 472 302 490 ⁴24.

188 622 213 642 Β.
230 626 261 648 15,
271 625 301 644 25.

187 1189 211 1209 B.
228 1192 259 1214 15,
268 1192 299 1210 2¹6.

188 1605 213 1625 Β,
228 1608 259 1629 Ῑῗι,
268 1608 299 1626 2¹7.

190 2227 214 2247 B.
231 2230 301 2252 15:225.

191 2534 215 2555 li.
234 2538 263 2557 15,
273 2538 302 2556 29.

334 170 395 199 670
613 165 742 191 LEONIS
761 165 835 191 Vffl.
854 165 970 191 PAPAE
989 165 1230 193 PRIVILEGIUM
1249 165 1370 193 MAIUS.
1407 166 1551 193 963-965.
1587 166 1635 192 Nr.
1649 166 1707 193 449.

334 252 404 295 (22)
429 252 524 284 Unde
555 263 662 283 sacros
691 252 730 283 ad
758 252 898 283 medium
923 263 1063 284 canones
1088 252 1303 284 deducamus:
1335 257 1364 284 Si
1388 257 1450 292 quis
1473 257 1611 292 potestati
1633 258 1735 292 regiae,
1759 267 1831 292 quae
1853 267 1911 285 non
1934 260 1977 285 est

330 309 409 335 iuxta
432 309 591 343 apostolum
622 308 677 334 nisi
700 317 717 334 a
739 308 806 340 Deo,
838 309 996 335 contumaci
1026 310 1055 335 et
1082 309 1180 335 inflato
1209 309 1310 343 spiritu
1334 309 1525 336 contradicere
1549 309 1594 336 vel
1616 304 1746 336 resistere
1774 310 1977 344 presumpserit

330 362 358 387 et
382 360 440 387 eius
464 360 545 386 iustis
569 362 598 386 et
613 360 829 386 rationabilibus
845 360 970 394 imperiis
987 361 1138 387 secundum
1153 361 1243 387 Deum
1261 363 1290 387 et
1305 361 1504 388 auctoritatem
1521 361 1758 388 ecclesiasticamc
1781 362 1974 396 obtemperare

329 412 459 444 noluerit,
483 411 745 438 anathematizetur.
835 406 905 448 (23)
929 412 961 437 In
988 411 1060 438 libro
1084 420 1181 446 regum
1203 412 1322 446 legitur:
1352 412 1408 446 ‘qui
1431 421 1489 439 non
1510 412 1648 439 obedierit
1670 413 1799 447 principi,
1823 414 1975 440 morietur'.

330 464 361 489 In
385 463 503 489 concilio
527 464 622 490 autem
645 462 801 497 Agathensi
824 463 986 497 precipitur,
1018 465 1049 489 ut
1073 464 1334 490 anathematizetur.
1424 459 1491 500 (24)
1515 464 1601 491 Nobis
1624 464 1712 498 igitur
1736 465 1812 491 racio
1834 465 1975 499 persuasit

330 514 463 541 sinodalis
495 515 652 547 decernere,
681 516 713 540 ut
745 514 904 548 quicunque
928 515 1063 541 laicorum
1094 515 1266 541 adversitate
1289 515 1403 549 proprie
1425 515 1519 549 gentis
1543 517 1593 542 aut
1615 516 1707 550 patrie
1732 517 1777 543 vel
1799 517 1875 551 regie
1898 518 1976 551 pote-

330 566 412 593 statis
444 567 480 592 ad
511 561 662 593 externasd
685 567 780 600 partes
808 575 837 592 se
870 566 1038 593 conferendo
1061 566 1162 593 noxius
1189 567 1275 593 fuerit
1303 567 1378 593 ultra
1404 568 1540 601 repertus,
1570 569 1708 601 perpetua
1731 567 1768 594 sit
1791 568 1976 595 excommuni-

330 618 440 644 catione
457 618 633 652 dampnatus,
652 619 680 644 et
699 626 843 651 nunquam
860 617 901 643 illi
918 619 1012 651 preter
1027 618 1056 644 111
1074 618 1173 644 ultimo
1190 617 1288 644 mortis
1305 627 1372 644 suae
1389 618 1546 645 communio
1563 619 1712 646 tribuatur.
1785 615 1853 656 (25)
1878 620 1976 651 Quam-

329 679 414 702 quam
436 669 466 695 in
490 669 608 696 concilio
633 669 776 701 anteriori,
801 669 876 702 quod
899 678 973 696 anno
997 669 1087 703 primo
1111 669 1307 704 gloriosissimi
1330 670 1465 704 principis
1488 670 1579 697 nostri
1602 671 1730 697 habitum
1753 673 1803 704 est,
1827 672 1861 698 de
1882 671 1976 698 huius-

328 721 404 748 modi
426 730 456 748 re
480 721 565 748 fuerit
587 721 767 755 promulgata
790 721 939 753 sententia,
963 723 1059 748 tamen
1082 722 1176 756 placet
1196 721 1300 748 iterata
1322 722 1402 748 iuxta
1422 722 1497 755 quod
1517 722 1649 749 convenit
1665 723 1831 749 custodiree.
1875 724 1974 757 Itaque

329 773 402 807 regis
426 773 485 799 vita
508 774 664 806 constante,
695 773 789 799 nullus
813 773 866 798 sibi
896 773 991 806 aliquo
1021 782 1105 807 opere
1129 774 1173 800 vel
1196 773 1399 800 deliberatione
1428 783 1476 800 seu
1500 774 1688 808 cuiuscunque
1716 775 1864 809 dignitatis
1888 775 1976 801 laicus

328 834 376 851 seu
407 819 503 859 gradu*
526 825 713 859 episcopatus,
744 824 904 858 presbiterii
937 826 988 851 aut
1021 825 1133 851 diaconi
1162 827 1341 851 consecratus
1372 825 1529 859 ceterisque
1559 826 1706 852 clericatus
1738 826 1837 853 officiis
1866 826 1976 853 deditus

328 877 452 903 futurum
476 886 570 911 regem
593 877 756 911 prevideat
778 885 839 902 nec
862 878 961 903 contra
984 877 1104 903 viventis
1130 877 1204 911 regis
1227 877 1382 903 utilitatem
1406 879 1435 903 et
1458 877 1555 911 procul
1576 878 1661 904 dubio
1678 879 1853 905 voluntatem
1870 878 1975 904 blandi-

328 930 422 955 mento
448 929 491 955 vel
514 928 644 955 suasione
667 937 717 962 per
740 928 857 954 eandem
881 937 958 962 spem
981 930 1031 955 aut
1058 929 1128 955 alios
1151 928 1181 954 in
1205 938 1233 955 se
1263 929 1358 955 trahat
1386 930 1436 954 aut
1459 929 1520 962 ipse
1542 929 1572 955 in
1595 929 1682 956 alium
1705 930 1877 963 adquiescat.
1922 929 1976 955 Ini-

330 990 415 1014 quum
436 980 513 1016 ¹enim
537 981 617 1007 valde
642 982 671 1006 ct
694 980 850 1007 execrabile
872 989 888 1006 a
905 980 1065 1007 christianis
1089 981 1174 1007 debet
1196 981 1302 1013 haberi,
1326 981 1413 1007 futuri
1430 981 1565 1015 temporis
1581 982 1682 1008 illicita
1697 982 1857 1016 prospicere
1875 983 1904 1008 et
1920 981 1977 1008 vite

329 1041 377 1058 sue
400 1032 514 1066 ignarus
539 1033 658 1058 ventura
680 1026 851 1065 disponeref.
898 1032 978 1063 Quod
1001 1032 1024 1058 si
1047 1032 1196 1066 quisquam
1219 1032 1275 1058 iam
1292 1032 1362 1058 talia
1378 1032 1475 1066 iniqua
1491 1032 1694 1060 deliberatione
1712 1033 1793 1065 [cum]
1810 1042 1976 1067 quocunque

327 1085 370 1110 est
392 1084 553 1116 meditatus,
584 1084 637 1109 hoc
665 1083 738 1109 sibig
761 1083 873 1110 noverit
902 1084 1070 1110 sacerdotali
1100 1084 1292 1110 moderatione
1322 1093 1491 1116 concessum,
1523 1086 1555 1111 ut
1578 1085 1601 1110 si
1626 1085 1774 1111 venialiter
1796 1085 1894 1119 possit,
1924 1085 1977 1111 1100

327 1136 386 1162 sine
409 1145 488 1163 mora
510 1136 649 1170 presentis
673 1135 807 1169 principis
831 1135 944 1162 auribus
969 1136 1082 1162 studeat
1104 1136 1256 1170 publicare.
1303 1136 1331 1162 Si
1354 1138 1449 1163 autem
1473 1136 1598 1163 obticeat
1621 1138 1650 1163 et
1672 1137 1884 1163 deliberationis
1908 1145 1974 1163 suae

328 1188 554 1214 machinamenta
582 1187 706 1214 noluerit
734 1187 834 1219 dicere,
863 1187 983 1221 pessimo
1013 1188 1155 1222 plectatur
1187 1188 1376 1215 anathemate
1465 1183 1535 1226 (26)
1559 1189 1618 1214 Iam
1647 1189 1722 1222 quod
1744 1189 1773 1214 in
1797 1188 1975 1215 antecedenti

326 1240 479 1266 universali
507 1239 613 1273 synodo
642 1239 727 1265 saluti
750 1241 909 1266 nostrorum
933 1240 1091 1274 principum
1116 1242 1228 1266 constat
1251 1249 1310 1267 csse
1335 1241 1501 1272 consultum,
1530 1240 1600 1266 libet
1622 1240 1726 1267 iterato
1749 1240 1820 1267 bene
1844 1235 1973 1267 sancitah

328 1293 356 1318 et
383 1292 468 1325 digna
497 1291 667 1318 auctoritate
696 1291 804 1317 munire
833 1287 1004 1318 salubriteri.
1051 1292 1173 1326 Ideoque
1206 1294 1397 1319 contestamur
1420 1301 1513 1318 coram
1538 1292 1597 1318 Deo
1625 1294 1653 1318 et
1677 1292 1753 1319 omni
1776 1292 1871 1319 ordine
1895 1301 1977 1326 ange-

327 1343 425 1375 lorum,
443 1351 535 1369 coram
552 1343 754 1377 prophetarum
771 1344 799 1369 et
815 1343 1009 1376 apostolorum
1026 1344 1070 1369 vel
1087 1344 1212 1370 omnium
1227 1344 1375 1370 martirum
1391 1344 1484 1376 choro,
1502 1352 1596 1370 coram
1613 1343 1689 1370 omni
1705 1343 1822 1370 ecclesia
1839 1343 1979 1370 catholica

328 1397 357 1421 ct
387 1394 603 1421 christianorum
635 1396 706 1427 cetu,
741 1396 773 1420 ut
800 1389 903 1421 nemok
926 1395 1057 1421 intendat
1086 1395 1114 1421 in
1144 1395 1291 1422 interitum
1319 1396 1401 1430 regis,
1436 1404 1518 1422 nemo
1543 1395 1630 1421 vitam
1654 1395 1789 1429 principis
1813 1396 1977 1427 contrectet,

327 1455 408 1472 nemo
439 1455 500 1473 eum
535 1447 615 1481 regni
643 1446 840 1480 gubernaculis
869 1447 970 1480 privet,
1005 1456 1087 1474 nemo
1116 1448 1265 1481 tyrannica
1296 1447 1509 1482 presumptione
1539 1447 1648 1481 apicem
1673 1447 1752 1481 regni
1777 1447 1830 1473 sibi
1855 1448 1978 1481 usurpet,

327 1491 408 1524 nemo
432 1498 560 1532 quolibet
581 1498 808 1524 machinamento
833 1499 861 1524 in
886 1498 944 1525 eius
969 1499 1170 1525 adversitatem
1194 1499 1247 1525 sibi
1271 1500 1481 1526 coniuratorum
1504 1507 1617 1525 manum
1638 1498 1765 1525 associet.
1812 1498 1890 1530 Quod
1908 1498 1931 1524 si
1946 1499 1975 1524 in

329 1545 476 1584 quopiaml
507 1551 606 1576 horum
635 1550 784 1584 quisquam
814 1552 974 1576 nostrorum
1004 1551 1154 1578 temerario
1184 1560 1253 1577 ausu
1281 1553 1460 1585 presumptor
1488 1550 1638 1582 exstiterit,
1673 1550 1854 1577 anathemate
1882 1549 1977 1576 divino

329 1611 475 1635 percussus
503 1602 608 1635 absque
631 1602 688 1628 ullo
712 1602 828 1628 remedii
851 1603 912 1629 loco
936 1603 1075 1629 habeatur
1102 1603 1323 1637 condempnatus
1345 1605 1442 1629 eterno
1466 1602 1577 1629 iudicio.
1660 1597 1730 1639 (27)
1754 1602 1837 1628 Proin
1854 1601 1979 1627 decrevit

328 1654 477 1679 concilium
506 1655 642 1686 sanctum,
671 1655 703 1679 ut
732 1662 835 1686 omnes,
865 1654 913 1687 qui
935 1663 986 1688 pro
1014 1654 1089 1680 fideli
1113 1654 1247 1688 obsequio
1272 1656 1300 1680 et
1323 1655 1430 1681 sincero
1455 1654 1570 1681 servitio
1595 1653 1788 1680 voluntatibus
1813 1654 1856 1679 vel
1880 1653 1976 1679 iussio-

328 1705 409 1731 nibus
433 1706 567 1739 principis
591 1705 736 1739 paruerint
759 1707 876 1738 totaque
899 1705 1058 1732 intentione
1082 1706 1181 1732 salutis
1206 1706 1264 1732 eius
1287 1706 1443 1732 custodiam
1460 1706 1503 1732 vel
1521 1705 1697 1740 vigilantiam
1714 1705 1865 1731 habuerint
1888 1705 1975 1739 regni,

329 1766 345 1782 a
368 1757 573 1783 successoribus
580 1758 601 1770 ¹¹¹

624 1766 675 1783 nec
698 1766 714 1782 a
737 1756 877 1790 dignitate
900 1766 952 1783 nec
974 1767 991 1783 a
1014 1757 1095 1783 rebus
1120 1758 1246 1792 pristinis
1271 1766 1354 1784 causa
1378 1758 1551 1791 repellantur
1574 1757 1687 1789 iniusta,
1717 1758 1760 1783 set
1783 1758 1811 1782 et
1834 1765 1907 1783 nunc
1930 1756 1972 1782 ita

329 1818 378 1842 pro
402 1808 619 1841 uniuscuiusque
644 1808 770 1835 utilitate
794 1808 928 1842 principis
952 1809 1133 1835 moderentur
1156 1809 1333 1841 discretione,
1359 1809 1430 1835 sicut
1455 1818 1500 1835 eos
1524 1808 1701 1843 prospexerit
1723 1808 1895 1835 necessarios
1917 1817 1976 1834 esse

330 1860 451 1893 patriam
476 1862 503 1886 ct
527 1860 565 1886 sic
588 1860 644 1885 illis
668 1860 847 1894 impertiatur
862 1861 1023 1894 benignitas
1031 1862 1052 1893 ¹¹,
1078 1863 1109 1887 ut
1126 1861 1155 1887 111
1173 1861 1329 1888 0111101130
1345 1862 1459 1887 maneat
1474 1861 1567 1895 gratia
1584 1862 1612 1887 et
1628 1861 1762 1894 potestas,
1787 1861 1920 1893 quatinus
1936 1860 1978 1886 ita

330 1912 423 1938 omnia
446 1912 475 1938 in
498 1912 579 1937 rebus
603 1912 675 1938 iuste
700 1912 866 1945 conquisitis
889 1913 1040 1945 lucrentur,
1070 1914 1101 1938 ut
1123 1913 1244 1946 posteris
1273 1913 1458 1946 relinquendi,
1488 1912 1589 1945 quibus
1614 1912 1743 1937 voluntas
1767 1920 1862 1937 eorum
1886 1912 1977 1938 decre-

330 1963 402 1989 verit
425 1963 600 1995 conferenda,
630 1965 786 1997 spontaneo
815 1964 944 1990 fruantur
971 1964 1097 1991 arbitrio.
1143 1964 1274 1991 Ceterum
1297 1965 1321 1990 si
1344 1964 1463 1991 infidelis
1488 1964 1636 1998 quisquam
1660 1963 1689 1989 in
1713 1963 1805 1997 capite
1828 1963 1905 1997 regio
1929 1965 1979 1989 aut

329 2015 437 2041 inutilis
468 2015 495 2041 in
525 2015 605 2041 rebus
635 2016 788 2041 commissis
818 2016 953 2047 extiterit,
982 2017 1010 2042 in
1043 2017 1208 2043 clementiae
1240 2017 1314 2043 eius
1346 2025 1429 2042 manu
1459 2015 1631 2050 potestatis1'
1654 2016 1724 2040 nutu
1748 2016 1859 2041 constet
1882 2015 1973 2041 huius<

330 2067 404 2092 modi
428 2067 591 2094 moderatio.
638 2067 689 2093 Fas
713 2069 757 2093 est
780 2068 854 2094 enim
877 2068 1043 2094 indubium‘l
1066 2069 1202 2095 deducere
1225 2069 1267 2094 ius
1291 2068 1451 2102 potestatis,
1481 2068 1525 2094 cui
1549 2067 1638 2094 omnis
1663 2066 1831 2100 gubernatio
1855 2075 1975 2101 superno

331 2119 441 2144 constat
464 2118 595 2151 delegata
617 2118 728 2144 iudicio.
774 2118 853 2149 Quod
877 2119 899 2144 si
924 2120 988 2152 post
1011 2119 1070 2145 cius
1092 2119 1228 2146 discessus
1246 2119 1385 2153 quispiam
1402 2121 1529 2153 repertus
1551 2118 1636 2144 suerit
1653 2118 1727 2144 vitae
1748 2118 1833 2145 fuisse
1850 2118 1978 2150 infidelis,

331 2169 463 2203 quicquid
486 2169 635 2203 largitater
659 2169 746 2203 ipsius
770 2170 799 2195 in
823 2170 904 2196 rebus
928 2171 1028 2196 habuit
1052 2171 1226 2204 contpiisitis,
1251 2173 1346 2197 careat
1369 2171 1575 2197 confiscandum
1600 2172 1628 2196 ct
1652 2169 1778 2196 fidelibus
1794 2169 1978 2203 largiendum.

332 2216 401 2257 (28)
425 2221 503 2247 Sicut
526 2221 678 2247 insolentia
700 2222 837 2247 malorum
860 2231 958 2255 regum
981 2222 1078 2249 odiosa
1101 2232 1210 2256 semper
1234 2224 1262 2249 et
1285 2223 1452 2249 execrabilis
1474 2223 1585 2249 exstitit
1611 2222 1752 2254 subiectis,
1776 2222 1817 2248 ita
1840 2222 1977 2248 bonorum

330 2272 446 2305 provida
470 2272 578 2298 utilitas
602 2273 730 2299 amabilis
754 2273 874 2299 efficitur
897 2274 1016 2307 populis,
1063 2274 1198 2305 Quocirca
1221 2274 1282 2307 quis
1300 2275 1372 2301 ferat
1388 2277 1437 2301 aut
1453 2275 1515 2308 quis
1532 2275 1619 2300 talem
1635 2275 1774 2300 errantem
1791 2273 1973 2299 christianum

331 2323 432 2355 videat,
464 2324 512 2357 qui
541 2324 647 2358 regiam
676 2324 800 2350 sobolem
831 2326 880 2350 aut
908 2325 1106 2358 posteritatem
1138 2328 1254 2352 conetur
1285 2326 1427 2360 expoliare
1459 2326 1541 2352 rebus
1565 2327 1615 2352 aut
1637 2326 1748 2360 privare
1771 2324 1980 2358 dignitatibus?

330 2374 408 2406 Quod
439 2375 539 2401 deinde
574 2385 608 2402 ne
642 2377 692 2401 fiat
723 2376 857 2409 principis
889 2377 951 2402 filiis
984 2377 1221 2410 posterisque,
1257 2378 1400 2404 sentencia
1431 2379 1535 2409 nostra,
1571 2380 1606 2404 ut
1637 2379 1704 2411 apta
1733 2386 1821 2403 nuuc
1853 2385 1868 2402 a
1898 2375 1979 2402 nobis

330 2427 513 2460 presentia
544 2428 645 2453 dentur
673 2428 793 2459 decreta,
827 2429 859 2454 et
883 2437 916 2454 ea
939 2437 1010 2461 quae
1035 2429 1156 2462 synodus
1180 2430 1316 2462 preterito
1341 2439 1414 2455 anno
1438 2430 1467 2455 111
1491 2429 1609 2456 ecclesia
1632 2430 1685 2455 hac
1707 2429 1805 2454 habita
1828 2427 1977 2454 constituit

331 2478 403 2504 circa
427 2487 537 2505 omnem
559 2480 773 2512 potestatcm
798 2479 864 2511 cius,
889 2480 1057 2506 universitas
1081 2481 1160 2514 regni
1177 2481 1219 2506 sui
1236 2484 1389 2513 conservet,
1414 2481 1481 2515 quia
1497 2481 1611 2515 dignum
1629 2482 1679 2512 ost,
1701 2482 1733 2506 ut
1749 2480 1826 2505 cuius
1842 2479 1978 2512 regimine

331 2530 463 2556 habemus¹
488 2531 675 2563 securitatem,
706 2531 764 2557 eius
788 2531 951 2565 posteritati
975 2532 1087 2558 decreto
1111 2532 1222 2558 concilii
1252 2533 1446 2566 impertiamur
1467 2532 1598 2565 quietem.
1688 2526 1755 2567 (⁵29)
1781 2530 1975 2564 omnipotenti

332 2582 388 2607 Deo
412 2591 474 2608 reus
499 2584 548 2615 cst,
573 2583 621 2616 qui
645 2583 822 2609 serenissimo
847 2583 961 2609 domino
984 2593 1070 2617 purus
1095 2593 1150 2610 non
1175 2586 1225 2610 est.

432 2670 496 2696 449.
524 2674 546 2703 ⁰)
566 2673 766 2698 ecclesiasticum
785 2683 804 2698 c.
926 2673 951 2705 d)
970 2663 1058 2699 ccflias
1077 2684 1096 2699 e.
1226 2677 1249 2706 Β)
1273 2678 1311 2699 tin
1341 2675 1425 2707 placet
1455 2674 1519 2698 iiam
1546 2674 1619 2698 iuxta
1644 2666 1660 2704 ἃ
1684 2673 1697 2696 ὗ
1726 2675 1777 2697 11011
1807 2673 1933 2697 custodire
1957 2681 1976 2696 ι’.

332 2713 354 2745 s)
374 2716 517 2747 disponcrtc
536 2724 556 2742 o.
662 2718 687 2747 H)
708 2717 729 2740 si
749 2725 768 2741 c.
874 2716 899 2749 h)
918 2718 1027 2742 sanctita
1046 2727 1066 2742 ι’.
1172 2717 1189 2748 i)
1214 2718 1318 2743 salulffe
1337 2727 1370 2749 0.;
1398 2718 1534 2742 salubriter
1558 2717 1672 2741 ordinata
1690 2715 1722 2740 Β.
1831 2715 1856 2747 k)
1876 2724 1949 2740 nemo
1968 2718 1978 2739 t

331 2759 443 2782 intendat
463 2767 482 2781 e.
570 2757 588 2789 ¹)
609 2760 707 2791 copiam
727 2768 745 2783 c.
835 2764 866 2790 ¹¹¹)
886 2761 1091 2785 successionibus
1110 2770 1129 2784 c.
1218 2760 1243 2792 ¹¹)
1264 2762 1428 2793 benignitatis
1447 2770 1467 2785 c.
1556 2761 1579 2791 0)
1598 2759 1687 2784 ceteris
1705 2758 1737 2783 B.
1827 2761 1851 2789 1¹)
1872 2758 1976 2790 posteri-

331 2801 409 2824 utatis
428 2810 448 2825 v.
537 2802 560 2826 ‘il
581 2802 614 2825 ila
635 2806 656 2825 et
677 2802 712 2830 R,—
732 2803 808 2826 Nefas·
827 2807 865 2827 est
883 2804 950 2827 cuim
969 2804 994 2827 111
1013 2804 1120 2828 dubium
1142 2804 1215 2827 (buc.
1240 2804 1292 2827 Tol.
1314 2804 1358 2834 VJ,
1371 2807 1408 2829 14.
1498 2803 1517 2834 ι”)
1536 2803 1645 2834 largitati
1664 2810 1684 2826 c.

2004 726 2028 744 10

2001 1762 2025 1779 30

2003 2024 2026 2042 35

2002 2281 2027 2298 40

2004 2538 2030 2554 45

2004 2807 2029 2824 50
