2205 3072
181 1058 255 1078 Manu
263 1061 295 1082 25³.
303 1061 334 1079 ze.

206 1157 264 1176 Eccl.
277 1160 334 1177 5013.

182 1208 256 1227 Manli.
272 1211 291 1231 8,
302 1211 334 1229 26.

235 2197 290 2221 Aug.
302 2200 333 2217 2¹5.

342 172 402 199 290
416 160 422 165 .
742 170 923 196 FRIDERICI
944 171 964 196 Ι.
984 169 1306 196 CONSTITUTIONES.
1346 170 1418 195 1162.
1455 170 1502 195 Nr.
1516 170 1573 195 208.

594 280 671 312 208.
702 282 968 314 ENCYGLIGA
998 282 1238 314 EPISGOPIS
1268 278 1546 313 TEUTONIGIS
1574 282 1727 314 MISSA.

445 342 653 373 Admbm'mns
689 343 715 379 1)
740 342 867 373 codicem
893 343 1077 373 Vaticanum
1108 342 1255 373 Ulm'slin.
1280 344 1340 372 179
1368 352 1443 372 saec,
1467 341 1548 372 XII.
1575 342 1634 382 fol.
1657 343 1706 379 47,
1738 343 1790 373 aba*
1815 343 1858 373 ud
1883 343 1984 373 urchi-

341 395 514 434 aqu‘scopmn
544 393 696 432 quendam
727 393 801 423 data
833 395 884 430 est,
916 396 943 424 ct
966 394 998 433 2)
1024 394 1152 424 redicem
1175 393 1434 423 thloboncnsem
1458 394 1519 423 6:39
1542 404 1617 424 sace.
1634 393 1715 424 XII.
1735 393 1793 434 fol.
1812 395 1852 423 59
1875 405 1895 424 (ι,
1919 393 1985 424 viro

341 445 370 476 d.
396 445 481 475 Keler
509 445 668 483 descripto,
697 455 756 483 quo
786 454 841 474 usa
865 447 908 475 cst
933 445 1026 475 aditio
1052 445 1251 483 Tengmquclii
1269 454 1301 484 l».
1320 445 1383 473 437
1406 454 1455 474 ur.
1474 446 1530 481 76,·
1554 444 1735 475 inscribitur
1758 444 1900 475 Conrado
1922 444 1984 483 epi-

340 507 427 535 scopo
443 497 628 535 Anyti-stum)
651 498 678 526 et
701 497 854 526 &nitentia
875 497 969 535 sinedi
991 496 1147 533 abundat,-
1170 496 1224 534 qni
1240 497 1341 526 temtus
1361 496 1567 526 asstantium
1584 496 1614 525 i‘n
1637 496 1734 527 codice
1750 496 1983 527 Hunnovcrano

342 548 401 578 XI.
423 550 483 577 67]
513 558 589 578 succ.
614 548 705 579 XVI.
730 548 789 588 fel.
808 550 879 585 4131,
910 548 998 578 (nebus
1031 550 1132 577 lentem
1161 547 1315 583 lectiones,
1353 547 1465 586 quippe
1493 558 1570 586 (litae
1598 548 1726 578 ‘nonnisi
1752 547 1986 586 depravationes

341 601 504 636 continent,
530 601 710 638 respuimus.
738 619 775 622 -—
799 600 933 641 Slmupf,
957 599 1031 639 Ray.
1048 600 1141 629 3945.
1166 600 1259 630 3946.
1725 598 1777 639 (P.
1796 600 1883 639 132.)

447 685 660 726 F(ridericus)
686 685 747 716 Dei
772 687 876 726 gratia
894 686 1112 716 Romanorum
1137 685 1311 726 imperator
1336 689 1367 715 et
1392 696 1522 726 semper
1546 688 1702 726 augustus
1728 684 1845 715 dilecto
1870 689 1987 715 suo..a

347 737 612 778 archiepise0p0¹¹
637 737 771 777 gratiam
798 748 888 768 suam
914 741 946 768 et
971 748 1064 767 omne
1089 737 1216 768 bonum.

449 789 536 819 lntcr
559 789 742 819 innumeras
768 792 800 819 et
825 792 1043 819 tumescentes
1068 791 1299 829 tempestatum
1325 789 1500 830 proeellas,
1531 788 1648 829 quibus
1672 788 1734 818 iam
1759 787 1811 818 diu
1836 787 1984 817 navicula

343 841 428 870 beati
452 840 541 870 Petri
567 843 729 881 quassata„
755 844 786 871 et
811 841 894 871 inter
920 851 1088 882 pressuras
1113 839 1266 873 diversas.
1292 840 1407 881 quihus
1433 843 1544 870 sancta
1562 839 1621 870 Dei
1640 839 1782 870 ecclesia
1798 840 1986 880 frequenter

344 892 464 922 afflicta
493 896 524 922 et
553 891 706 922 tribulata
736 895 800 926 est,
834 891 963 922 tandem
988 902 1083 922 verus
1117 892 1170 922 ille
1203 892 1360 922 mediator
1384 891 1446 922 Dei
1471 895 1502 922 et
1527 892 1690 922 hominum
1715 891 1861 922 Christus
1885 890 1985 925 Iesus,

345 944 397 985 qui
430 944 602 974 ecclesiam
635 953 735 981 suam,
768 944 856 974 velut
886 944 1011 974 unicam
1044 955 1204 985 sponsam,
1235 944 1363 985 proprio
1394 948 1559 975 caractere
1589 944 1637 974 sui
1663 943 1795 985 pretiosi
1821 943 1986 984 sanguinis

345 995 509 1036 insignivit
543 999 575 1026 et
606 995 756 1031 redemit.
783 996 1011 1026 consolationis
1036 996 1199 1036 gratia1110.
1231 1006 1325 1037 quam
1357 996 1536 1027 ascendens
1561 995 1591 1026 in
1617 995 1721 1026 celum
1745 995 1894 1026 fidelibus
1919 994 1985 1025 suis

348 1047 529 1088 repromisit
560 1047 723 1088 inquiens:
759 1052 833 1077 *non
864 1047 1042 1088 relinquam
1069 1058 1125 1077 vos
1157 1047 1334 1088 orphanos.
1368 1059 1443 1078 ecce
1468 1059 1527 1088 ego
1552 1047 1718 1077 vobiscum
1744 1057 1812 1077 sum
1838 1045 1985 1076 omnibus

346 1098 460 1129 diebus
491 1109 593 1139 usque
624 1098 663 1129 ad
697 1099 1005 1129 consummationem
1039 1098 1160 1133 seculi’.
1193 1099 1396 1130 evidentibus
1420 1104 1451 1130 et
1476 1099 1656 1130 manifestis
1682 1098 1825 1129 declarat
1848 1098 1984 1129 indiciis.

346 1150 421 1192 Ipse
457 1150 542 1181 enim
580 1150 663 1180 sicut
696 1151 790 1181 stella
824 1151 980 1181 matutina
1010 1151 1040 1180 in
1075 1150 1180 1181 medio
1215 1150 1352 1181 nebule‘l
1384 1151 1500 1188 oriens,
1537 1151 1633 1181 solita
1662 1151 1782 1192 pietate
1815 1150 1983 1181 ecclesiam

346 1213 436 1232 suam
465 1202 496 1232 in
526 1202 734 1233 tribulatione
768 1202 911 1243 respexit
941 1206 973 1232 et
1005 1213 1139 1243 surgens
1164 1203 1332 1244 imperavit
1358 1203 1462 1233 ventis
1488 1206 1519 1233 et
1544 1202 1634 1237 mari.
1659 1206 1691 1233 et
1715 1202 1800 1233 facta
1825 1205 1874 1232 est
1898 1205 1984 1232 tran-

345 1254 485 1295 quillitas
510 1264 638 1295 magna.

447 1305 509 1335 Pro
535 1305 590 1335 illa
615 1305 772 1346 siquidem
798 1305 1027 1336 controversia.
1058 1315 1119 1346 que
1150 1306 1232 1336 inter
1257 1316 1315 1335 nos
1340 1309 1372 1336 et
1398 1316 1505 1346 regem
1528 1304 1727 1336 Francorum
1753 1316 1808 1347 pro
1834 1306 1984 1336 scismate
2014 1314 2024 1332 2

345 1357 489 1388 Romane
515 1357 653 1387 ecclesie
671 1357 734 1387 iam
752 1357 806 1387 diu
824 1357 1017 1397 agitabatur,
1043 1357 1207 1398 aspirante
1226 1357 1364 1398 Spiritus
1383 1357 1504 1387 sanctie
1528 1357 1644 1398 gratia.
1670 1368 1730 1398 que
1749 1358 1825 1388 facit
1843 1357 1987 1388 habitare

347 1409 515 1440 unanimes
545 1409 575 1440 in
604 1410 698 1441 domo
725 1410 878 1444 Dominis,
910 1410 1125 1441 mediantibus
1156 1411 1228 1441 hinc
1261 1411 1335 1441 inde
1359 1411 1489 1452 legatis,
1521 1411 1649 1441 tandem
1676 1411 1744 1453 pari
1769 1412 1932 1442 voluntate
1957 1414 1989 1442 et

346 1462 488 1491 unanimi
514 1472 672 1493 consensu
697 1463 779 1493 inter
804 1473 861 1492 nos
887 1463 1051 1493 convenit:
1082 1463 1164 1503 quod
1190 1474 1247 1493 nos
1273 1463 1423 1493 videlicet
1447 1474 1511 1493 una
1535 1474 1606 1493 cum
1631 1462 1895 1504 archiepiscopis,
1919 1463 1988 1504 epi-

347 1514 451 1554 scopis
477 1517 508 1544 et
532 1514 678 1555 patribus
703 1514 889 1544 orthodoxis
916 1525 952 1544 ac
976 1515 1052 1544 viris
1078 1515 1250 1556 religiosis,
1276 1514 1450 1545 baronibus
1469 1518 1501 1545 et
1517 1515 1677 1545 universis
1695 1515 1861 1556 utriusque
1879 1514 1990 1555 regnis

302 1564 546 1606 ·„·„prineipibus
586 1565 665 1595 IIII.
698 1564 770 1595 Kal.
806 1565 893 1606 Sept.
928 1565 958 1595 in
991 1565 1042 1596 die
1080 1565 1231 1597 videlicet
1269 1565 1492 1597 decollationis
1529 1567 1630 1597 sancti
1661 1566 1813 1597 Iohannis
1845 1566 1984 1607 baptiste
2013 1573 2029 1590 2-

346 1626 443 1657 super
473 1616 605 1646 fluvium
630 1616 769 1647 Saonam
794 1616 825 1646 in
855 1617 1042 1658 episcopatu
1071 1617 1242 1647 Bisuntino
1272 1617 1442 1648 concilium
1474 1618 1627 1659 generale
1653 1618 1774 1659 pariter
1799 1617 1989 1648 celebraturi

345 1679 465 1699 sumus.
512 1668 548 1698 In
574 1679 634 1709 quo
660 1679 717 1699 rex
742 1668 953 1700 Francorum.
984 1668 1121 1699 dilectus
1153 1670 1413 1710 consanguineus
1443 1673 1565 1706 noster,
1599 1680 1670 1700 cum
1699 1669 1857 1700 universis
1882 1669 1988 1699 archi—

345 1719 539 1760 episcopis-¹¹.
571 1720 731 1760 episcopis
764 1723 796 1750 ct
826 1730 897 1750 cum
923 1720 1070 1751 omnibus
1104 1721 1194 1762 regni
1219 1721 1266 1751 sui
1292 1721 1487 1763 principibus
1513 1725 1545 1752 et
1568 1725 1635 1752 tota
1658 1721 1826 1752 Gallicana
1849 1721 1989 1752 ecclesia

345 1771 559 1802 reverendum
584 1775 709 1812 patrem
734 1775 889 1808 nostrum,
920 1771 1083 1802 dominum
1110 1783 1225 1814 papam
1244 1773 1432 1811 Victoremi,
1464 1774 1545 1804 sicut
1570 1784 1627 1815 per
1652 1776 1854 1804 sacramenta
1879 1775 1910 1803 et
1934 1772 1987 1802 fir-

346 1823 506 1853 missimas
544 1823 734 1854 securitates
769 1823 1011 1864 preordinatum
1054 1828 1116 1860 est,
1152 1825 1182 1855 in
1219 1825 1431 1866 apostolicum
1467 1829 1498 1856 et
1534 1825 1749 1856 universalem
1784 1827 1893 1855 sancte
1924 1823 1987 1854 Dei

345 1875 484 1906 ecclesie
516 1875 700 1916 pontificem
734 1875 867 1916 recipiet
899 1880 930 1906 et
963 1875 1105 1906 debitam
1139 1877 1167 1907 ei
1200 1876 1368 1907 exhibebit
1391 1877 1639 1908 reverentiamk.
1685 1877 1808 1907 Verum
1832 1876 1907 1917 quia
1930 1875 1989 1906 hoc

346 1927 509 1967 negotium
543 1931 607 1957 tam
646 1926 779 1957 arduum
815 1931 945 1968 tamque
982 1928 1110 1958 salubre
1143 1931 1174 1959 ct
1206 1932 1270 1958 tam
1301 1929 1536 1965 necessarium.
1575 1928 1629 1959 ubi
1660 1929 1699 1959 de
1729 1927 1988 1959 reconciliatione

347 1982 456 2009 sancte
483 1978 544 2009 Dei
576 1979 713 2009 ecclesie
745 1982 777 2009 et
806 1979 906 2009 totius
938 1978 1181 2010 christianitatis
1207 1980 1237 2010 in
1267 1990 1435 2011 commune
1461 1980 1580 2021 agitur.
1614 1980 1682 2010 sine
1706 1984 1759 2010 tue
1783 1979 1988 2010 discretionis

347 2029 607 2071 ceterorumque¹
632 2030 812 2071 principum
835 2041 871 2061 ae
890 2030 1009 2061 Christi
1033 2030 1174 2062 fidelium
1194 2032 1357 2073 presentia
1374 2032 1587 2062 consummari
1605 2042 1662 2062 nec
1680 2031 1778 2062 debet
1795 2042 1853 2062 nec
1871 2034 1987 2072 potest,

346 2092 518 2112 exoramus
548 2084 580 2112 te
610 2085 642 2111 et
674 2092 840 2112 monemus
870 2082 901 2112 in
926 2093 964 2113 ea
995 2082 1069 2117 fide.
1100 2093 1195 2124 quam
1229 2083 1329 2114 debes
1354 2084 1490 2125 imperio
1515 2087 1546 2114 et
1571 2086 1680 2114 sancte
1706 2083 1768 2114 Dei
1794 2083 1931 2114 ecclesie
1956 2085 1987 2113 et

348 2133 453 2163 anime
479 2136 569 2169 tuem,
594 2133 744 2174 quatinus
769 2133 854 2163 omni
878 2134 1050 2164 occasione
1077 2138 1235 2165 summota
1260 2146 1331 2166 eum
1356 2135 1605 2176 sapientioribus
1630 2139 1662 2166 et
1686 2135 1789 2176 magis
1815 2134 1937 2165 idoneis
1955 2138 1987 2165 et

348 2184 521 2215 litteratis¹¹
546 2185 689 2225 personis
715 2185 759 2215 tui
784 2185 1011 2226 episcopatus⁰
1035 2190 1112 2226 aput
1130 2185 1333 2217 Bisuntiump
1358 2186 1437 2217 IIII.
1456 2186 1508 2217 die
1527 2190 1602 2217 ante
1620 2187 1798 2228 predictum
1816 2187 1987 2217 terminum

347 2236 548 2266 familiariter
580 2247 666 2266 more
698 2236 785 2266 curie
820 2236 911 2267 nobis
936 2248 1094 2269 occurras
1126 2237 1166 2268 ad
1191 2238 1361 2268 concilium
1387 2239 1555 2269 nobiscum
1580 2248 1800 2280 processurus,
1846 2237 1889 2268 Et
1914 2238 1988 2279 quia

351 2287 541 2318 habundans
566 2288 693 2318 cautela
718 2299 778 2318 non
803 2292 907 2325 nocet.
933 2289 1049 2319 milites
1078 2290 1132 2322 tui.
1157 2300 1236 2330 quos
1264 2294 1370 2320 tecum
1396 2290 1548 2322 adduces.
1575 2290 1605 2320 in
1630 2290 1725 2320 armis
1744 2293 1775 2320 et
1793 2290 1906 2331 clipeis
1926 2290 1988 2320 sint

346 2339 474 2371 muniti:
500 2339 632 2379 insuper
656 2342 688 2369 et
713 2340 870 2370 tentoria‘l
895 2339 1033 2376 deferas,
1059 2351 1120 2381 que
1146 2344 1278 2382 propter
1302 2341 1466 2372 domorum
1494 2342 1656 2372 raritatem
1682 2341 1866 2372 necessaria
1883 2345 1986 2372 erunt.

348 2390 396 2421 Ibi
426 2391 510 2421 enim
544 2401 601 2431 per
632 2391 768 2431 gratiani
799 2391 860 2422 Dei
892 2395 991 2422 totum
1023 2392 1188 2432 negotium
1214 2392 1332 2423 domini
1363 2404 1445 2435 pape
1463 2393 1624 2424 Victorisr
1647 2393 1685 2423 ad
1711 2393 1846 2434 gloriam
1870 2392 1933 2423 Dei
1957 2396 1989 2423 et

347 2441 385 2471 ad
418 2451 530 2482 pacem
564 2445 595 2472 et
627 2442 782 2472 unitatem
817 2446 926 2473 sancte
951 2442 1032 2473 DeiS
1056 2443 1194 2473 ecclesie
1220 2447 1252 2474 et
1277 2444 1494 2475 omnimodum
1520 2445 1674 2475 honorem
1699 2444 1824 2486 imperii
1850 2444 1987 2475 honesto

347 2493 408 2523 fine
432 2493 666 2523 terminabitur.

449 2544 615 2585 Deniquet
640 2545 787 2575 omnibus
822 2545 851 2574 in
877 2545 986 2576 ordine
1013 2545 1154 2576 clericali
1181 2547 1363 2577 constitutis
1394 2547 1559 2578 suadendo
1585 2551 1617 2578 et
1640 2548 1782 2589 rogando
1809 2548 1987 2579 scribimus.

348 2598 506 2636 quatenus
531 2595 570 2625 ad
595 2596 753 2637 prefatum
779 2596 950 2626 concilium
976 2597 1107 2627 veniant
1131 2602 1186 2628 aut
1212 2599 1362 2629 euntibus
1389 2599 1484 2629 rebus
1510 2600 1574 2629 suis
1599 2602 1799 2630 succurrant.

373 2712 376 2715 ,
448 2680 512 2706 208.
537 2682 561 2713 a)
580 2683 688 2713 spatium
701 2691 806 2706 *macetum
826 2683 846 2706 l.
937 2683 959 2709 ὓ)
981 2684 1070 2707 fideli
1090 2693 1144 2707 suu
1163 2686 1191 2708 (J.
1211 2686 1409 2717 Angustensi
1430 2686 1575 2717 episcopo
1589 2685 1611 2709 2.
1683 2688 1705 2713 ⁰)
1718 2688 1765 2718 gr]
1778 2687 1801 2711 2.
1873 2684 1896 2715 d)
1914 2685 1987 2711 ne.‘2.

347 2725 369 2755 ¹¹)
389 2725 469 2749 sancti
490 2727 529 2757 Sp.
544 2724 567 2750 ζ),
640 2725 663 2755 s)
683 2726 726 2749 mil
745 2726 769 2749 ⁶2.
841 2726 865 2757 ¹=)
886 2727 956 2758 regni
976 2727 1108 2757 utriusque
1128 2727 1150 2751 2.
1223 2727 1246 2751 ¹¹!
1267 2728 1319 2751 suis
1333 2728 1393 2752 add.
1411 2727 1431 2752 l.
1503 2726 1519 2754 ἰ)
1541 2728 1568 2751 V.
1583 2737 1674 2760 papam
1687 2728 1710 2752 ⁴2.
1781 2727 1806 2757 k)
1826 2737 1875 2753 rev.
1894 2729 1950 2753 exh.
1965 2728 1987 2753 2.

347 2766 363 2792 ¹)
384 2772 547 2799 cetmwnnque
561 2769 583 2792 2.
681 2773 712 2795 m,
733 2777 810 2800 quam
829 2769 933 2800 imperio
953 2783 983 2785 —
1006 2774 1047 2793 tue
1067 2770 1143 2794 (lebes
1163 2770 1185 2794 2).
1283 2775 1307 2794 u.
1328 2775 1354 2794 et
1380 2771 1533 2795 litteratis
1557 2771 1607 2794 LICS.
1621 2770 1644 2795 2.
1737 2771 1760 2801 ⁰)
1780 2777 1822 2796 tue
1840 2772 1945 2796 diocesis
1964 2771 1988 2796 2.

347 2814 370 2840 1¹)
391 2820 456 2834 corr.
476 2820 505 2834 ca:
525 2812 686 2835 Bisuurinum
708 2811 729 2835 1.
818 2817 841 2837 “1)
863 2813 966 2844 insuper
985 2813 1117 2844 temptoria
1140 2813 1159 2836 l.
1248 2818 1267 2841 r)
1289 2814 1317 2836 V.
1337 2821 1401 2845 pape
1421 2812 1444 2837 2.
1524 2813 1544 2846 s)
1564 2814 1631 2838 deest
1652 2814 1672 2838 l.
1744 2815 1762 2846 t)
1783 2814 1881 2846 reliqua
1900 2815 1950 2839 cles.
1966 2814 1988 2840 1.

2014 796 2037 813 lo

2014 1053 2036 1071 15

2015 1835 2040 1853 30

2016 2351 2040 2369 ⁴0

2015 2608 2038 2626 45
