2205 3072
144 368 162 384 1.
174 364 220 385 (Uir.
233 367 250 384 3.
259 368 289 385 17Δ

157 2041 184 2059 es.
199 2040 233 2059 Er.
245 2041 283 2060 {nr-

311 221 372 250 022
774 216 940 243 sYNODUs
960 215 1236 243 ALTHEIMENSIS.
1273 217 1329 242 916.
1367 217 1414 243 Ns.
1427 217 1485 243 433.

414 304 471 335 XI.
498 304 553 333 De
579 304 693 334 rebus
719 307 756 334 et
780 303 966 344 pecuniis
992 303 1262 333 ecclesiarum.
1310 302 1394 338 Qui¹
1420 302 1539 332 Christi
1564 306 1597 333 et
1615 303 1772 334 ecclesiae
1796 305 1950 344 pecunias

313 357 362 386 vel
388 367 437 386 res
463 356 643 391 abstulerit,
669 355 874 395 sacrilegium
899 355 987 385 facit.
1034 355 1211 395 Apostolus
1236 354 1320 384 enim
1346 354 1465 383 Paulus
1491 353 1581 384 dicit:
1612 354 1658 384 ‘Si
1684 355 1754 395 quis
1779 356 1950 386 violaverit

310 408 465 448 templum
491 406 564 442 Dei,
599 406 764 447 disperdet
788 406 876 436 illum
901 405 1013 436 Deus&
1061 405 1169 435 Violat
1194 405 1265 446 quis
1290 405 1445 445 templum
1469 403 1541 443 Dei,
1572 404 1647 434 dum
1671 409 1782 445 pastor
1806 409 1861 436 aut
1887 417 1948 437 non

310 462 395 489 reete
421 459 529 488 vivens
563 460 617 487 aut
650 467 712 487 non
744 458 827 487 iuste
852 457 971 487 docens
1002 456 1193 487 christianos
1219 455 1355 494 seducit,
1384 455 1436 485 vel
1459 455 1560 485 laicus
1585 456 1654 496 quis
1678 456 1795 487 iniuste
1820 457 1946 488 aeccle—

311 510 447 539 siasticis
473 512 505 539 et
526 509 713 549 inreligiose
731 512 823 538 utens
841 508 948 538 rebus.
989 508 1071 538 Item
1089 508 1282 537 Ambrosius
1300 507 1387 537 dicit:
1413 506 1599 537 *Sciendum
1617 511 1665 538 est
1681 508 1839 545 omnibus,
1864 509 1948 550 quod
1990 518 2000 535 5

311 561 514 601 sacrilegium
540 561 589 595 sit,
615 571 665 590 res
690 560 871 590 aecclesiae
896 569 1085 600 quocunque
1111 558 1205 589 modo
1231 558 1349 588 auferri
1375 561 1407 589 et
1430 558 1462 588 in
1487 558 1573 588 aliud
1598 558 1787 589 transferri’.
1834 560 1950 591 Hiero-

309 613 427 642 nimus:
455 611 612 652 ‘Iniquum
638 615 687 641 est
711 615 743 641 et
767 611 928 651 sacrilegii
953 611 1063 646 instar,
1089 614 1123 640 ut
1148 620 1230 651 quae
1255 620 1311 651 pro
1336 609 1440 640 salute
1465 610 1645 641 animarum
1663 621 1792 641 suarum
1810 612 1946 653 quisque

310 663 488 693 aecclesiae
514 662 716 698 contulerith,
740 662 814 693 inde
839 662 957 692 auferri
982 666 1013 692 et
1036 662 1066 692 in
1091 661 1178 692 aliud
1204 660 1392 692 transferri'.

411 722 488 753 XII.
518 722 574 752 De
605 722 761 762 legibus
793 722 1025 752 aecclesiae
1061 725 1097 751 et
1128 721 1336 752 iudicibus.
1391 720 1522 762 Leges²
1557 721 1738 752 aecclesiae
1774 723 1950 763 apostolica

309 775 471 805 firmamus
506 774 698 804 auctoritate
738 776 769 803 et
808 773 980 814 peregrina
1020 772 1137 803 iudicia
1176 773 1415 803 submovemus.
1474 772 1593 803 Peius³
1629 772 1748 803 malum
1782 773 1849 804 fore
1885 785 1949 805 non

309 826 454 859 aestimo,
479 835 573 865 quam
604 825 794 855 christianos
828 825 893 854 suis
924 824 1068 854 invidere
1099 824 1258 865 episcopis
1283 827 1314 854 ct
1338 824 1576 855 sacerdotibus:
1611 835 1674 854 non
1708 828 1817 866 potest
1840 829 1949 857 autem

310 878 448 907 humano
473 876 677 906 condemnari
703 876 862 913 examine,
887 886 981 916 quem
1006 876 1095 906 Deus
1121 886 1177 906 suo
1200 875 1379 906 reservabit
1402 875 1528 906 iudicio.

411 935 506 966 XIII.
539 935 594 965 De
624 935 889 966 accusatione
915 936 1091 976 episcopi
1118 936 1176 965 vel
1203 935 1435 967 sacerdotis.
1481 935 1567 966 Dei4
1592 936 1829 967 ordinationem
1854 947 1948 967 accu-

309 991 390 1025 sant,
416 988 467 1027 qui
494 988 686 1017 constitutos
712 987 772 1017 sibi
798 987 966 1028 episcopos
984 988 1033 1017 vel
1059 986 1245 1017 sacerdotes
1270 990 1434 1017 accusant.
1474 987 1503 1017 A
1521 987 1635 1028 quibus
1653 994 1687 1018 'se
1706 998 1817 1018 omnes
1835 988 1949 1019 fideles

310 1050 424 1069 cavere
452 1038 602 1069 debeant.
648 1038 761 1079 Itaque
786 1039 995 1068 constitutum
1020 1038 1120 1079 liquet
1137 1049 1155 1068 a
1172 1042 1318 1079 tempore
1335 1038 1555 1079 apostolorum
1572 1042 1604 1069 et
1626 1039 1779 1080 deinceps
1795 1040 1915 1079 placuit
1927 1041 1948 1077 5,

309 1094 343 1121 ut
378 1094 548 1121 accusatus
581 1090 631 1120 vel
667 1090 826 1120 iudicatus
858 1100 877 1120 a
909 1090 1219 1130 conprovincialibus
1252 1090 1283 1119 in
1318 1090 1426 1130 aliqua
1464 1101 1561 1120 causa
1601 1090 1785 1131 episcopusi
1816 1092 1952 1122 licenter

310 1141 472 1183 appelletk
497 1146 529 1172 et
553 1141 648 1171 adeat
673 1141 871 1182 apostolicae
897 1141 983 1171 sedis
1008 1141 1203 1181 pontificem.

411 1201 521 1232 XIIII.
546 1201 600 1231 De
627 1202 829 1242 expoliato
855 1201 1061 1242 episcopo.
1108 1200 1229 1231 Nullass
1254 1201 1337 1231 enim
1361 1201 1518 1241 permittit
1542 1201 1632 1238 ratio,
1658 1201 1732 1231 dum
1757 1201 1796 1232 ad
1821 1205 1950 1244 tempus

311 1253 536 1294 episcoporum
561 1253 645 1283 bona
670 1252 718 1282 vel
744 1263 795 1282 res
820 1253 998 1283 aecclesiae
1024 1252 1063 1282 ab
1089 1253 1224 1283 aemulis
1250 1252 1443 1291 detinentur,
1468 1255 1502 1283 ut
1526 1253 1641 1293 aliquis
1664 1253 1783 1294 aliquid
1801 1254 1863 1284 illis
1881 1255 1948 1296 epi-

311 1305 415 1345 scopis
445 1305 572 1335 obicere
603 1304 729 1335 debeat.
784 1304 851 1334 Nec
876 1304 1011 1345 quilibet
1036 1304 1206 1345 quicquam
1236 1304 1353 1345 poterit
1378 1304 1422 1334 eis
1448 1314 1575 1344 quoquo
1600 1304 1694 1334 modo
1719 1305 1875 1336 maiorum
1900 1306 1951 1336 vel

310 1356 466 1386 minorum
498 1356 635 1391 obicere,
666 1355 740 1385 dum
766 1356 933 1386 aecclesiis
965 1360 1019 1385 aut
1044 1355 1141 1385 rebus
1167 1359 1222 1385 aut
1247 1355 1462 1396 potestatibus
1488 1359 1599 1385 carent
1624 1356 1699 1386 suis.
1747 1355 1812 1386 Et7
1838 1367 1951 1387 revera

311 1408 353 1437 ibi
379 1418 506 1449 semper
530 1418 627 1437 causa
652 1411 776 1447 agatur,
802 1407 855 1437 ubi
880 1408 1000 1437 crimen
1026 1406 1215 1438 admittitur.
1262 1406 1304 1436 Et
1328 1407 1382 1447 qui
1407 1416 1469 1436 non
1500 1406 1687 1446 probaverit
1712 1407 1796 1448 quod
1821 1408 1951 1443 obiecit,

310 1470 422 1500 penam
447 1469 541 1499 quam
567 1459 637 1499 ipse.
662 1458 768 1488 intulit
793 1459 944 1499 patiatur.
992 1458 1157 1489 Infames⁸
1181 1462 1289 1489 autem
1314 1457 1354 1488 ad
1384 1459 1627 1488 accusationem
1651 1458 1701 1489 vel
1730 1460 1950 1490 testimonium

311 1511 359 1540 vel
386 1510 537 1540 iudicium
561 1513 626 1540 tam
651 1520 765 1540 sacrae
792 1510 881 1550 leges
907 1520 1003 1550 quam
1029 1509 1129 1539 seculi
1152 1520 1215 1539 non
1238 1509 1421 1539 admittunt.

412 1570 484 1601 XV.
517 1569 713 1605 Quomodo
749 1570 976 1611 episcopum
1015 1570 1102 1611 quis
1138 1569 1325 1610 appellet.
1383 1569 1438 1599 Si⁹
1472 1570 1540 1610 quis
1572 1580 1649 1610 erga
1681 1570 1867 1611 episcopum
1898 1571 1949 1601 vel
1979 1581 1989 1599 ε

311 1622 446 1653 actores¹
479 1622 657 1652 aecclesiae
690 1622 867 1662 quamlibet
892 1622 1056 1662 querelam
1088 1621 1207 1651 habere
1237 1621 1354 1651 iustam
1379 1621 1562 1656 crediderit,
1594 1631 1656 1651 nou
1681 1622 1769 1662 prius
1796 1622 1951 1663 primates

311 1679 365 1705 aut
389 1675 469 1704 alios
494 1674 590 1704 adeat
614 1673 745 1707 iudices,
771 1683 866 1714 quam
891 1673 989 1714 ipsos,
1014 1684 1032 1704 a
1049 1673 1164 1714 quibus
1184 1684 1217 1703 se
1239 1673 1342 1703 lesum
1360 1673 1518 1708 aestimat,
1544 1674 1714 1704 conveniat
1739 1673 1950 1704 familiariter.

311 1726 352 1756 Et
382 1725 557 1756 secundum
589 1725 814 1765 euangelicum
846 1728 1035 1766 preceptum
1066 1725 1126 1755 hoe
1155 1728 1231 1765 agat
1262 1735 1324 1754 non
1349 1725 1451 1755 semel
1476 1724 1532 1755 scd
1558 1725 1746 1765 saepissime
1771 1735 1841 1755 cum
1867 1726 1953 1755 omni

311 1781 445 1818 paterna
468 1777 658 1809 reverentia,
684 1776 837 1806 abhibitis
863 1787 971 1807 secum
996 1776 1139 1817 probatis
1158 1777 1233 1806 viris
1259 1779 1290 1806 ct
1314 1775 1438 1806 idoneis
1457 1776 1609 1816 religiose
1627 1776 1774 1813 testibus,
1800 1777 1950 1817 quatinus

311 1829 349 1858 ab
375 1829 421 1859 eis
446 1832 500 1858 aut
524 1838 614 1858 suam
639 1828 792 1857 iustitiam
818 1828 954 1868 accipiat
979 1831 1033 1858 aut
1058 1827 1186 1868 dignam
1210 1827 1460 1857 excusationem.
1502 1826 1534 1857 Si
1560 1830 1668 1857 autem
1687 1831 1760 1857 tunc
1779 1828 1948 1868 episcopus

310 1891 405 1920 agere
437 1880 588 1912 renuerit,
620 1882 685 1909 tum
719 1879 854 1919 primum
887 1889 1016 1909 causam
1047 1889 1137 1909 suam
1162 1878 1287 1909 deferat
1312 1878 1352 1909 ad
1383 1879 1547 1919 primates,
1583 1882 1617 1908 ut
1641 1878 1816 1909 secundum
1842 1889 1951 1910 sacros

311 1941 450 1961 ‹ainones
480 1930 638 1961 iudicetur
668 1930 845 1970 hucusque.
891 1930 986 1960 Absit
1017 1933 1124 1960 autem
1148 1940 1166 1959 a
1190 1929 1331 1960 fidelium
1357 1929 1518 1965 cordibus,
1552 1932 1587 1960 ut
1619 1932 1732 1970 putent
1756 1930 1806 1960 vel
1832 1930 1950 1968 dicant,

312 1982 471 2023 episcopis
497 1982 615 2022 inpune
640 1991 776 2021 peccare
800 1981 911 2015 licere,
938 1982 988 2011 vel
1012 1981 1198 2011 sacerdotes
1223 1980 1355 2011 Domini
1379 1981 1497 2011 iniuste
1526 1981 1632 2021 aliquo
1657 1981 1750 2011 modo
1774 1981 1806 2011 in
1831 1981 1949 2022 populo

316 2044 412 2073 agere
437 2033 570 2065 debere:
597 2043 669 2062 nam
694 2032 853 2063 Dominus
878 2033 968 2063 dicit:
995 2032 1167 2063 ‘Ultionem
1192 2043 1210 2062 a
1233 2033 1415 2062 sanctuario
1440 2042 1511 2062 meo
1538 2031 1708 2073 incipiam'.

414 2093 504 2123 XVI.
538 2092 591 2122 De
624 2093 865 2133 purgatione
899 2093 1191 2133 episcoporum.
1247 2092 1423 2122 statuimus
1446 2095 1577 2133 propter
1600 2091 1662 2122 Dei
1688 2091 1892 2122 dilectionem
1919 2094 1950 2122 ct

311 2145 447 2185 proximi
478 2148 510 2174 et
539 2144 682 2174 fidelium
714 2144 868 2174 honorem
894 2144 1124 2174 catholicorum
1154 2147 1185 2173 et
1211 2144 1383 2184 praecipue
1409 2144 1449 2173 ob
1476 2144 1605 2173 multam
1630 2143 1782 2173 scandala
1806 2142 1949 2173 eruenda

311 2199 342 2225 et
374 2195 514 2225 funditus
547 2195 738 2236 extirpanda
771 2199 802 2225 et
835 2195 1105 2236 perturbationes,
1137 2205 1218 2235 quac
1251 2195 1375 2225 noviter
1400 2199 1531 2225 exortae
1556 2198 1630 2224 sunt
1655 2198 1687 2225 et
1712 2195 1867 2232 oriuntur,
1892 2205 1951 2224 nec

312 2257 373 2276 non
399 2250 433 2276 ut
457 2257 567 2277 omnes
598 2247 710 2279 sciant,
744 2257 802 2276 nos
836 2247 1005 2287 episcopos
1035 2248 1118 2277 tales
1143 2246 1206 2277 Dei
1230 2246 1449 2277 misericordia
1474 2256 1677 2287 nequaquam
1703 2250 1806 2282 esse¹¹,
1838 2246 1951 2286 quales

311 2298 453 2332 dicimur,
480 2298 664 2338 exemplum
690 2298 793 2327 sancti
811 2298 928 2328 Leonis
953 2309 1066 2339 papae,
1091 2299 1144 2339 qui
1169 2308 1266 2338 supra
1290 2297 1359 2327 IIII
1385 2298 1558 2338 euangelia
1578 2298 1687 2327 iurans
1706 2308 1813 2327 coram
1831 2297 1948 2338 populo

312 2359 345 2379 se
371 2350 527 2390 purgavit,
553 2350 642 2390 sequi
668 2352 700 2379 et
724 2349 854 2383 imitari,
880 2349 968 2379 salva
993 2353 1101 2380 tamen
1126 2349 1318 2380 auctoritate
1343 2349 1506 2379 canonica.

414 2450 477 2476 433.
502 2451 526 2477 ¹¹)
547 2452 640 2483 quique
659 2452 719 2475 eccl.
739 2452 890 2476 contulerint
914 2451 939 2476 ζ’.
1051 2451 1067 2482 i)
1087 2451 1131 2484 eps
1151 2461 1183 2481 (κς
1204 2453 1327 2484 episeopis
1346 2453 1413 2475 male
1431 2452 1558 2475 solverunt
1577 2452 1692 2475 editores.
1799 2450 1823 2481 k)
1840 2451 1951 2483 appellet

312 2503 388 2525 nsque
407 2495 549 2526 pontificem
569 2495 593 2518 ιίι
613 2495 727 2525 rnuta-ssime?
746 2503 765 2519 c.
854 2493 871 2523 l)
891 2498 1007 2519 auctores
1027 2504 1046 2518 c.
1135 2496 1165 2523 ΠΥ)
1185 2496 1319 2519 multitudo
1339 2495 1447 2519 com-emit
1466 2495 1490 2518 in
1511 2494 1592 2518 multa
1611 2503 1643 2523 ιη
1670 2494 1858 2517 multitudinem
1879 2494 1908 2517 R.
1925 2494 1950 2518 (Ὗ.

312 2537 335 2568 ¹¹)
357 2538 433 2561 misse
447 2536 478 2561 B.
496 2537 522 2561 ζ’.

416 2622 439 2649 1]
465 2621 516 2651 Qui
538 2636 567 2638 —
589 2621 655 2646 facit
679 2628 709 2645 en·
727 2621 851 2646 Analecti
868 2630 905 2654 ep.
920 2622 941 2653 Ι,
966 2630 985 2647 c.
1001 2626 1028 2647 14
1051 2631 1078 2654 μ.
1100 2625 1132 2647 73.
1240 2623 1266 2652 2)
1293 2622 1378 2655 Leges
1398 2637 1430 2640 —
1450 2621 1641 2646 submovemus
1660 2620 1775 2646 'indidem
1794 2628 1813 2645 c.
1828 2624 1858 2645 15
1873 2628 1899 2652 1³.
1917 2623 1951 2645 73.

311 2664 337 2688 31
359 2663 437 2688 Peius
461 2678 491 2680 —
521 2663 622 2688 indis-ie
648 2671 679 2688 (τις
702 2664 851 2688 ,ΔΙΙαΊταηΛνί
874 2672 911 2696 ep.
929 2666 952 2695 J,
977 2672 998 2690 c.
1015 2669 1028 2689 7
1044 2673 1072 2696 1).
1093 2670 1133 2690 915.
1260 2665 1287 2697 4)
1314 2665 1361 2689 Dei
1382 2680 1412 2682 —
1432 2665 1552 2689 debeant
1576 2671 1608 2688 er
1634 2663 1782 2696 Telesphori
1805 2672 1843 2695 ep.
1859 2663 1881 2694 I,
1902 2665 1951 2688 c.3

309 2714 337 2737 μ.
354 2710 400 2730 ΙἹΙ.
488 2709 512 2731 s»)
533 2706 638 2738 placuit
658 2722 690 2725 -
710 2706 867 2739 pontificem
891 2714 921 2731 er:
940 2706 1050 2731 Victoris
1074 2715 1109 2739 ep.
1129 2715 1148 2732 c.
1163 2711 1178 2733 5
1197 2712 1290 2739 )›.12⁸.
1388 2708 1413 2737 Γ»)
1439 2707 1522 2732 Nulla
1543 2721 1571 2724 ν-
1593 2708 1687 2731 carent
1706 2705 1760 2730 suis
1780 2714 1812 2730 ca*
1831 2705 1952 2730 Fabiani

311 2756 348 2779 «Ἰ».
369 2748 403 2774 ΙΙ.
425 2753 491 2773 11:20
509 2758 533 2780 μ
551 2753 601 2774 1155.
677 2750 702 2777 7)
723 2748 759 2774 Fit
784 2764 808 2766 ⁴-
830 2750 955 2782 patiatur
973 2758 1003 2774 ea·
1025 2749 1141 2774 Fabiani
1159 2758 1195 2781 ep.
1212 2750 1268 2781 HJ,
1288 2758 1307 2775 c.
1321 2753 1353 2775 *23
1367 2758 1393 2782 p.
1409 2753 1463 2775 168.
1534 2750 1560 2777 S)
1582 2749 1621 2780 (ff.
1643 2748 1779 2773 (ιἸιεηιωιΐιζκ1
1796 2756 1834 2780 (ψ.
1852 2748 1871 2779 I,
1891 2756 1908 2773 c.
1922 2752 1952 2773 31

312 2799 336 2821 ιι,
351 2796 391 2815 Δ10,
463 2794 488 2815 5)»
509 2791 535 2816 si
558 2806 586 2808 —
607 2792 765 2824 saepissimo
784 2801 814 2817 cnr
827 2793 975 2818 Ale.1·m1dri
993 2802 1030 2825 ep.
1049 2795 1069 2823 I,
1089 2801 1109 2819 c,
1122 2798 1138 2818 ,δ’
1152 2802 1180 2825 ]›.
1195 2797 1231 2818 νδ.
1271 2793 1310 2824 C's'.
1330 2794 1407 2818 etimn
1422 2793 1516 2818 Felicis
1530 2792 1569 2817 II.
1589 2792 1689 2817 ‹leco-em
1708 2800 1729 2816 c.
1747 2795 1769 2817 2.
1784 2796 1799 2817 3
1815 2794 1917 2823 12485

1978 782 2002 800 10

1979 1052 2002 1070 15

1979 1316 2004 1335 20

1978 1835 2003 1853 30

1978 2103 2001 2121 35

1979 2364 2004 2381 40

1977 2671 2002 2688 45
