2205 3072
335 175 396 205 474
411 165 418 171 '
735 169 898 196 HEINRICI
917 169 963 196 VI.
983 168 1303 196 CONSTITUTIONES.
1341 168 1414 194 1191.
1452 167 1498 193 Nr.
1511 167 1569 193 333.

336 259 488 290 Planusia
513 261 544 289 et
569 258 711 288 Corsica.
756 256 864 288 Etiam
887 257 919 287 in
944 256 1092 287 omnibus
1117 255 1350 297 prenominatis
1374 254 1454 285 locis
1471 253 1725 285 iurisdictionem
1742 256 1775 285 et
1791 253 1971 284 districtum

335 312 424 342 vobis
449 310 665 347 concedimus,
690 312 722 340 et
746 308 896 350 quicquid
920 308 1027 349 aliqua
1050 318 1189 349 persona
1213 307 1312 337 habet
1335 306 1378 337 ibi
1402 306 1442 337 ab
1467 306 1602 348 imperio
1626 306 1680 337 vel
1703 316 1803 347 regno
1827 308 1859 336 et
1883 305 1971 346 quic-

336 363 412 404 quid
441 362 484 393 ibi
512 361 647 403 imperio
672 361 722 391 vel
752 370 854 401 regno
882 360 1025 401 pertinet
1049 363 1080 390 et
1104 369 1306 400 quecumque
1330 358 1393 388 alia
1422 357 1504 388 infra
1527 357 1689 399 predictos
1713 358 1870 388 terminos
1896 368 1972 388 con-

336 415 487 452 tinentur,
511 417 575 444 tam
600 413 630 443 in
648 413 768 448 castris,
793 411 881 447 locis,
905 411 989 441 villis
1008 414 1039 442 et
1055 411 1176 451 burgis,
1200 409 1464 446 habitationibus,
1488 409 1582 440 terris
1601 412 1633 440 et
1650 410 1751 451 aquis,
1775 410 1971 449 fluminibus,

336 466 469 507 stagnis,
500 464 682 507 paludibus,
711 464 851 505 pascuis,
884 463 1039 504 piscariis,
1071 463 1196 503 argenti
1224 461 1342 492 fodinis
1372 464 1405 492 et
1429 461 1577 492 omnibus
1602 462 1692 492 venis
1715 462 1917 492 metallorum
1942 466 1974 493 et

336 517 455 554 salinis,
480 517 637 558 portubus
662 520 694 547 et
718 516 815 552 silvis,
840 525 912 545 cum
936 515 1022 544 omni
1047 513 1247 555 plenitudine
1266 516 1297 543 et
1320 513 1507 554 integritate
1525 513 1616 544 vobis
1634 513 1848 544 concedimus.
1889 514 1973 544 Con-

337 569 479 600 cedimus
505 568 602 599 etiam
627 567 718 598 vobis
743 570 883 597 castrum
907 565 1016 596 Masse
1041 568 1073 596 et
1096 566 1197 606 ipsam
1223 565 1366 595 Massam
1391 575 1461 595 cum
1488 565 1554 595 suis
1578 565 1793 607 pertinentiis.
1840 565 1975 607 Insuper

336 620 542 661 indulgemus
566 619 657 650 vobis
683 622 714 650 et
738 617 956 655 concedimus,
981 620 1015 648 ut
1039 617 1117 648 nulli
1141 627 1280 658 persone
1307 616 1356 646 vel
1380 616 1562 647 hominibus
1586 616 1638 647 vel
1662 617 1757 647 alicui
1782 617 1836 647 alii
1853 617 1975 648 civitati

337 672 387 703 vel
414 672 485 702 loco
514 671 554 701 de
583 674 690 701 cetero
720 670 817 700 liceat
846 669 994 701 edificare
1024 669 1155 710 aliquod
1185 668 1347 700 edificium
1379 668 1429 698 vel
1458 668 1668 699 munitionem
1697 668 1837 709 aliquam
1861 679 1880 699 a
1903 669 1974 699 loco

313 723 422 757 ,dicto
448 722 554 754 Corbo
584 732 685 763 usque
714 721 755 752 ad
783 722 893 752 fauces
917 721 999 752 Arni
1028 721 1119 752 iuxta
1142 731 1231 751 mare
1256 721 1306 751 vel
1330 720 1361 750 in
1392 720 1501 761 plagia
1524 720 1576 750 vel
1601 720 1684 750 infra
1706 723 1826 751 terram
1850 731 1868 751 a
1894 720 1974 762 pede

336 775 454 806 montis
486 784 587 815 usque
619 773 658 804 ad
682 784 769 804 mare
799 784 856 814 per
884 773 947 803 iam
976 773 1080 803 dictos
1108 773 1200 804 fines.
1290 771 1340 813 (4)
1364 772 1525 802 Volumus
1550 771 1589 802 ad
1613 771 1684 807 hoc,
1714 778 1745 802 ut
1767 776 1861 802 Pisani
1884 778 1913 803 et
1936 777 1976 803 hii

337 830 384 863 qui
403 830 437 855 de
456 838 548 856 eorum
569 828 696 854 districtu
717 830 782 853 sunt
801 830 828 854 et
848 835 941 853 eorum
960 836 1002 853 res
1022 827 1077 853 sint
1097 827 1185 858 liberi,
1204 827 1288 852 etiam
1309 827 1359 853 sub
1374 827 1519 853 consulatu
1540 828 1567 852 et
1586 826 1723 852 iudicibus
1743 828 1770 853 et
1789 827 1976 860 potestatibus

336 882 369 907 de
389 889 416 907 se
435 881 510 914 ipsis,
531 880 602 906 sicut
619 880 658 906 eis
677 879 821 913 placuerit,
857 879 894 905 Et
913 879 1013 904 Pisana
1033 878 1131 904 civitas
1152 878 1254 904 habeat
1273 878 1383 911 plenam
1398 877 1616 903 iurisdictionem
1633 879 1661 903 et
1674 879 1840 911 potestatem
1855 878 1976 904 faciendi

337 933 473 960 iustitiam
499 934 527 959 et
552 933 635 958 etiam
661 932 813 958 vindictam
837 933 865 957 et
889 931 972 957 dandi
994 932 1098 956 tutores
1118 932 1145 956 et
1165 930 1348 956 mundualdos
1368 931 1396 955 et
1415 929 1478 959 alia,
1507 937 1560 962 que
1579 928 1661 954 iudex
1681 929 1835 955 ordinarius
1854 929 1896 955 vel
1916 929 1976 962 qui—

337 985 406 1011 libet
425 986 564 1018 potestate
583 984 708 1018 preditus
727 983 761 1009 ab
786 984 952 1017 imperatore
971 984 1014 1009 vel
1034 992 1098 1017 rege
1121 983 1222 1009 habere
1246 983 1329 1009 debet
1349 991 1381 1008 ex
1400 991 1449 1008 sua
1474 982 1664 1008 iurisdictione
1683 982 1711 1007 in
1731 990 1779 1008 suo
1799 982 1928 1008 districtu
1947 984 1973 1008 et

337 1039 365 1064 in
389 1047 461 1069 SUOS,
486 1046 554 1071 quos
579 1037 763 1063 concessimus
787 1037 813 1063 ei
835 1038 863 1062 et
887 1032 1102 1063 concedimus.
1148 1035 1183 1062 Et
1206 1036 1301 1061 Pisani
1325 1038 1351 1062 et
1376 1036 1424 1069 qui
1448 1036 1480 1061 de
1505 1044 1599 1062 eorum
1623 1035 1752 1062 dist-rictu
1776 1038 1841 1061 sunt
1864 1044 1879 1061 a
1900 1035 1977 1061 nulla

338 1097 453 1122 persona
473 1088 592 1114 debeant
610 1087 727 1113 foderari
749 1095 837 1120 neque
857 1087 1008 1120 hospitari:
1032 1088 1060 1112 et
1078 1087 1171 1112 Pisani
1192 1088 1358 1120 potestatem
1379 1086 1500 1112 habeant
1519 1086 1637 1112 ducendi
1658 1094 1702 1112 eos
1722 1086 1750 1111 in
1770 1085 1975 1119 expeditionem

337 1142 365 1166 et
383 1140 419 1166 ad
439 1148 546 1166 omnem
566 1139 721 1165 districtum
742 1147 828 1164 suum.
866 1138 902 1164 Et
920 1139 1086 1171 quicumque
1106 1138 1313 1171 negociatorum
1333 1137 1452 1163 voluerit
1465 1137 1582 1163 transire
1600 1138 1634 1163 ad
1648 1146 1692 1163 eos
1707 1146 1789 1164 causa
1803 1137 1976 1171 negociandi.

337 1192 394 1218 sive
413 1200 462 1225 per
480 1193 581 1217 terram
601 1191 658 1216 sive
678 1199 727 1224 per
746 1198 854 1223 aquam,
875 1198 968 1215 secure
989 1189 1072 1214 vadat
1092 1190 1119 1214 ct
1138 1198 1154 1214 a
1173 1188 1249 1214 nullo
1268 1188 1362 1221 aliquo
1382 1188 1495 1222 ingenio
1515 1188 1692 1222 impediatur.
1711 1189 1763 1214 nisi
1784 1189 1820 1215 sit·
1838 1189 1867 1214 in
1886 1189 1977 1215 banno

337 1245 443 1271 domini
467 1240 553 1280 regis
578 1240 629 1270 Vel
653 1243 838 1277 imperatoris.
883 1242 1082 1276 Negociatores
1106 1244 1199 1268 autem
1223 1241 1316 1267 Pisani
1344 1250 1393 1275 per
1416 1241 1540 1267 Siciliam
1563 1244 1589 1268 et
1614 1241 1771 1268 Calabriam
1795 1244 1823 1268 ct
1846 1242 1977 1276 Apuliam
2004 1246 2015 1264 ‘2

338 1297 365 1321 ct
389 1295 591 1328 Principatum
617 1297 645 1320 et
671 1303 718 1327 per
742 1296 831 1319 totum
857 1293 1001 1326 imperium
1026 1294 1149 1318 nostrum
1170 1292 1254 1318 libere
1274 1292 1330 1318 sint
1349 1294 1377 1318 et
1396 1292 1501 1318 vadant
1520 1301 1569 1326 per
1588 1294 1689 1318 terrain
1709 1294 1736 1318 ct
1755 1301 1855 1326 aquam
1875 1293 1979 1326 absque

339 1346 412 1373 omni
433 1346 551 1380 pedagio
572 1348 599 1371 et
618 1345 732 1376 dritura,
757 1354 806 1371 nec
826 1346 961 1377 cogantur
980 1352 1070 1370 emere
1089 1344 1131 1369 vcl
1153 1343 1270 1369 vendere
1294 1344 1367 1370 ultra
1385 1353 1464 1369 suum
1485 1344 1563 1376 velle,
1588 1352 1637 1370 nec
1657 1344 1727 1369 alius
1747 1343 1866 1377 quilibet
1885 1343 1979 1376 aliquo

338 1399 451 1433 ingenio
475 1399 657 1433 prohibeatur
678 1407 693 1424 a
715 1398 822 1424 Pisanis
846 1407 944 1423 emere.
1034 1392 1079 1433 (ὃ)
1105 1396 1140 1423 Et
1164 1397 1340 1423 concedimus
1364 1398 1393 1423 et
1415 1397 1512 1423 damus
1530 1397 1606 1423 vobis
1630 1397 1659 1422 in
1684 1397 1794 1423 feodum
1811 1397 1877 1423 litus
1894 1396 1978 1422 maris

339 1452 367 1476 et
391 1450 501 1475 tantuin
529 1449 607 1475 iuxta
635 1450 704 1479 hoc:
721 1449 794 1482 quod
819 1448 904 1474 libere
928 1448 1019 1473 Pisani
1046 1448 1073 1473 in
1099 1456 1129 1473 eo
1154 1448 1244 1473 facere
1264 1456 1347 1473 naves
1369 1449 1396 1473 et
1414 1448 1508 1480 galeas
1528 1448 1554 1473 et
1574 1455 1698 1473 exercere
1717 1456 1779 1473 suas
1799 1447 1979 1473 mercationes

339 1503 453 1536 possint,
479 1503 506 1527 et
525 1501 598 1535 quod
622 1501 650 1526 in
670 1510 700 1527 co
721 1500 798 1526 nobis
818 1500 939 1534 pertinet
958 1508 973 1524 a
993 1499 1165 1525 Ciuitauecla
1190 1507 1275 1532 usque
1294 1499 1329 1524 ud
1350 1499 1460 1525 Portum
1482 1499 1607 1530 Ueneris;
1636 1500 1662 1524 et
1688 1499 1761 1532 quod
1781 1499 1872 1524 nullus
1891 1499 1977 1532 possit
2005 1504 2016 1522 '2

340 1555 367 1580 iu
387 1563 418 1580 co
437 1554 479 1580 vel
500 1553 625 1579 faucibus
644 1562 778 1586 aquarum
798 1553 869 1578 infra
890 1551 1036 1578 terminum
1058 1551 1196 1577 contentis
1215 1551 1303 1577 facere
1324 1552 1431 1584 portum
1447 1551 1490 1577 vel
1505 1551 1646 1585 applicare
1660 1560 1720 1577 cum
1734 1550 1870 1576 mercibus
1883 1552 1979 1576 contra

340 1606 512 1632 voluntatem
529 1605 698 1631 pisanorum.
731 1605 859 1630 Preterea
872 1605 968 1631 (lamus
982 1608 1009 1631 et
1023 1605 1198 1631 concedimus
1213 1606 1289 1631 vobis
1304 1606 1333 1631 in
1348 1605 1457 1632 feodum
1472 1605 1651 1632 medietatem
1663 1603 1780 1631 Palermi
1796 1606 1823 1631 et
1835 1605 1980 1630 Mes-sanes

341 1660 367 1684 et
393 1658 516 1684 Salernie
542 1659 569 1683 et
592 1656 710 1690 Neapoli
735 1666 795 1682 cum
821 1657 971 1682 medietate
1000 1665 1092 1683 eorum
1117 1657 1260 1683 districtus
1285 1659 1311 1683 et
1336 1667 1397 1684 cum
1423 1657 1573 1683 medietate
1593 1666 1721 1690 agrorum
1741 1659 1769 1683 ct
1788 1659 1917 1690 portuum
1937 1657 1980 1682 vel

340 1710 455 1736 aliorum
477 1718 529 1742 que
550 1709 713 1735 excoluntur
732 1709 765 1734 ab
786 1708 852 1742 ipsis
872 1709 1042 1736 civitatibus,
1061 1711 1089 1734 et
1108 1710 1196 1735 totam
1216 1710 1331 1736 Guctam
1352 1712 1380 1735 et
1398 1710 1501 1735 Mazari
1521 1711 1549 1736 et
1569 1709 1680 1743 Trapoli
1702 1718 1761 1735 cum
1782 1709 1848 1735 totis
1866 1708 1940 1742 agris
1954 1711 1981 1734 ct

340 1763 439 1789 ceteris
468 1772 521 1796 que
550 1771 633 1796 supra
662 1762 766 1795 scripta
795 1763 867 1792 sunt,
898 1764 925 1788 et
954 1762 981 1787 in
1006 1771 1172 1795 unaquaque
1196 1763 1252 1788 alia
1276 1762 1399 1794 civitate,
1431 1771 1514 1796 quam
1538 1757 1728 1799 Tangredus
1753 1760 1850 1793 tenet,
1881 1770 1978 1795 rugam

341 1824 424 1841 unam
448 1824 509 1841 cum
533 1814 659 1841 domibus
684 1814 896 1840 convenientem
920 1813 1028 1839 Pisanis
1058 1814 1268 1840 mercatoribus.
1360 1810 1405 1850 (ὃ)
1431 1815 1564 1840 Volumus
1593 1822 1703 1847 quoque
1728 1816 1754 1840 ct
1779 1813 1928 1839 statuimus
1953 1814 1979 1839 et

340 1867 472 1893 faciemus
501 1867 592 1892 iurare
626 1866 787 1899 episcopum
811 1866 974 1897 Lunensem,
1005 1866 1052 1899 qui
1082 1865 1277 1892 investituram
1307 1866 1443 1900 regalium
1467 1867 1495 1891 et
1519 1865 1668 1891 comitatus
1692 1874 1708 1891 a
1731 1865 1811 1891 nobis
1835 1864 1979 1898 receperit,

341 1919 383 1945 vel
412 1919 579 1952 quicumque
609 1918 679 1944 alius
710 1926 760 1951 pro
788 1918 869 1943 nobis
894 1918 1024 1946 tenuerit.
1056 1920 1085 1943 ut
1110 1917 1196 1943 faciat
1219 1917 1334 1944 Pisanos
1358 1913 1499 1949 securos*⁷
1529 1919 1557 1943 et
1586 1926 1629 1943 res
1653 1926 1749 1943 eorum
1773 1917 1848 1943 salve
1873 1916 1929 1942 sint
1952 1916 1981 1942 in

341 1971 416 1997 omni
440 1970 568 1996 districtu
593 1979 642 1996 suo
666 1978 715 2003 per
739 1979 767 1996 se
791 1971 819 1996 ct
842 1978 891 2003 per
908 1978 1003 1996 omnes
1019 1978 1091 1995 suos.
1130 1964 1172 1995 Et
1189 1965 1215 1995 Si
1232 1965 1344 1995 Pisani
1362 1975 1418 2006 pro
1437 1964 1498 1995 hiis
1515 1964 1567 1994 vel
1585 1964 1624 1994 de
1641 1964 1701 1994 hiis
1718 1963 1978 1995 concessionibus

341 2018 373 2048 in
397 2021 463 2048 toto
489 2018 539 2048 vel
564 2018 595 2047 in
619 2021 709 2058 parte
733 2016 916 2048 obtinendis
941 2017 992 2047 vel
1017 2016 1246 2058 recuperandis
1271 2016 1411 2057 aliquem
1436 2016 1641 2057 gravaverint
1664 2016 1715 2046 vel
1739 2015 1977 2057 possessionem

341 2069 534 2100 abstulerint
557 2068 624 2100 sive
650 2068 831 2107 habuerint,
856 2079 919 2099 non
936 2078 1089 2109 cogemus
1108 2068 1269 2098 civitatem
1286 2068 1437 2098 Pisanam
1455 2078 1514 2098 nec
1532 2070 1726 2109 potestatem
1745 2077 1803 2098 seu
1821 2070 1979 2098 rectorem

341 2121 392 2151 vel
417 2120 577 2158 eonsules,
602 2120 654 2161 qui
679 2131 735 2161 pro
760 2124 905 2161 tempore
929 2120 1059 2155 fuerint,
1085 2120 1125 2151 ad
1149 2120 1308 2150 iusticiam
1332 2119 1525 2151 faciendam.
1572 2119 1605 2149 Si
1630 2119 1699 2160 quis
1723 2122 1832 2149 autem
1849 2118 1888 2148 dc
1906 2129 1978 2160 prc-

342 2172 435 2203 dictis
467 2172 728 2203 concessionibus
759 2172 929 2213 quicquam
958 2172 1076 2202 Pisane
1111 2171 1232 2202 civitati
1266 2171 1437 2202 abstulerit
1465 2171 1515 2201 vel
1543 2170 1779 2211 inquietaverit,
1810 2170 1978 2201 citabimus

342 2234 415 2255 011111
440 2223 669 2265 precipientes,
693 2226 728 2253 ut
752 2223 897 2256 desistat,
923 2226 955 2254 et
978 2223 1104 2255 restitui
1129 2223 1300 2254 faciemus:
1327 2223 1410 2264 quod
1434 2223 1459 2253 si
1484 2233 1547 2253 non
1565 2223 1687 2259 fecerit,
1712 2232 1769 2263 per
1786 2222 1978 2253 sententiam

342 2279 482 2307 nostram
508 2286 580 2306 eum
604 2275 709 2305 banno
734 2285 953 2316 supponemus
977 2285 1036 2306 nec
1060 2275 1267 2305 extrahemus
1289 2285 1307 2305 a
1324 2275 1441 2313 banno,
1466 2275 1525 2305 nisi
1541 2274 1629 2315 prius
1648 2274 1842 2305 satisfecerit
1857 2273 1976 2304 Pisano

342 2327 475 2358 civitati.
520 2331 578 2357 Hec
601 2331 763 2364 supradicta
786 2331 880 2357 onmia
902 2331 999 2357 damus
1023 2332 1051 2357 in
1075 2331 1185 2357 feodum
1210 2333 1237 2357 ct
1262 2331 1438 2357 concedimus
1462 2330 1601 2357 communi
1617 2330 1781 2356 Pisanorum
1805 2331 1833 2356 et
1856 2339 1906 2364 per
1920 2339 1980 2364 pre-

342 2383 428 2410 sentis
457 2383 598 2417 privilegii
626 2383 758 2417 paginam
787 2384 988 2415 confinnamuS,
1017 2392 1101 2416 quam
1130 2383 1227 2409 subtus
1251 2392 1335 2409 aurea
1358 2383 1435 2408 bulla
1459 2384 1555 2408 nostra
1578 2381 1682 2415 signari
1706 2381 1844 2407 iussimus.
1889 2380 1924 2407 Et
1947 2381 1980 2407 de

342 2435 509 2469 supradictis
539 2434 734 2461 investivimus
762 2434 877 2460 Pisanos
906 2444 955 2469 per
983 2444 1084 2466 ensem,
1114 2444 1194 2468 quem
1219 2444 1302 2461 manu
1333 2434 1509 2465 tenebamus;
1541 2434 1638 2460 dantes
1668 2433 1706 2459 eis
1735 2433 1848 2459 tertiam
1872 2434 1981 2466 partem

341 2487 474 2518 thesauri,
497 2492 591 2523 quem
614 2484 703 2512 tenet
720 2481 920 2522 Tangredus,
944 2488 976 2512 ut
998 2485 1034 2512 sit
1057 2495 1159 2513 eorum.
1205 2481 1389 2512 prodictam
1410 2485 1517 2512 autem
1541 2480 1782 2511 concessionem
1803 2490 1860 2510 seu
1877 2479 1979 2510 datio-

342 2545 415 2565 nem
446 2536 547 2564 ratam
580 2544 652 2564 esse
676 2533 822 2564 volumus
851 2536 882 2564 et
913 2534 1047 2571 firmam,
1081 2544 1143 2564 non
1168 2534 1317 2564 obstante
1343 2534 1449 2575 aliquo
1478 2533 1647 2574 privilegio
1673 2532 1722 2562 vel
1747 2532 1904 2573 rescripto
1930 2531 1980 2561 vel
2022 2543 2031 2554 1

341 2586 459 2617 litteris
484 2596 502 2616 a
526 2585 672 2626 predicto
698 2588 789 2626 patre
813 2588 921 2615 nostro
946 2586 998 2616 vel
1021 2596 1040 2615 a
1063 2589 1172 2616 nostra
1196 2586 1365 2616 maiestate
1391 2584 1570 2626 impetratis
1589 2584 1640 2614 vel
1657 2583 1879 2624 i1npetrandis;
1904 2583 1980 2614 etsi

343 2648 405 2678 qua
428 2637 506 2668 talia
529 2637 701 2678 privilegia
726 2647 784 2668 seu
809 2636 965 2678 rescripta
988 2637 1108 2667 fuerint
1132 2637 1272 2672 inventa,
1297 2648 1335 2668 ca
1359 2637 1461 2677 regali
1486 2636 1677 2666 auctoritato
1702 2645 1877 2671 cassamus,
1902 2645 1978 2665 con-

344 2689 507 2726 firmantes
533 2689 629 2719 etiam
654 2689 761 2719 onmia
783 2688 962 2729 privilegia,
993 2699 1054 2729 que
1079 2699 1097 2719 a
1120 2688 1264 2729 predicto
1295 2692 1385 2731 patre
1410 2690 1519 2719 nostro
1545 2687 1596 2718 vel
1620 2686 1692 2718 aliis
1718 2685 1979 2717 antecessoribus

342 2740 461 2771 nostris
486 2740 532 2771 eis
557 2740 681 2771 indulta
705 2740 809 2771 sunth.

445 2816 509 2843 333.
534 2819 558 2850 Β)
578 2818 621 2852 pal
643 2826 654 2849 7
674 2819 736 2843 meff
752 2827 788 2842 or.
878 2817 903 2849 11)
916 2818 980 2852 finis
998 2817 1080 2843 lineae
1099 2818 1125 2842 ιή
1144 2827 1180 2843 or.

2003 727 2027 744 10

2004 987 2026 1006 15

2006 1765 2030 1782 30

2005 2023 2028 2041 35

2005 2281 2030 2298 40

2007 2820 2031 2840 ⁵0

2194 1933 2199 1939 ·’
2192 1870 2199 1894 ·“-
2192 1788 2205 1865 ms.)-
2188 1380 2205 1782 QQQQ.
2195 1292 2205 1374 Δία*
2194 1267 2205 1278 Δ
