2205 3072
361 162 424 217 wli
766 183 944 209 FfflDEmCI
965 183 982 209 I.
1003 183 1325 209 CONSTITUTIONES.
1363 184 1435 209 1183.
1473 183 1518 208 Nr.
1533 183 1590 208 289.

771 304 848 335 289.
882 304 1144 336 GONVENTIO
1175 304 1309 335 PACJS
1339 302 1590 334 PRAEVIAE.

463 367 618 404 Seriphon
648 365 708 401 hoc,
739 365 828 395 cuias
857 365 959 405 capita
982 366 1096 395 1—38
1121 366 1191 405 fere
1220 364 1262 395 ad
1292 364 1414 394 verbum
1438 364 1470 393 iu
1495 362 1664 402 Privilcfsio
1685 363 1774 401 luicis·
1800 362 2000 393 Constantine

362 418 490 457 repetita
506 419 588 454 seint,
605 417 739 447 servavit
755 418 783 447 ct
799 417 900 455 ipsum
917 416 1096 456 Rcyistrzcm
1113 416 1294 447 IlI'eitincnse
1310 426 1385 446 succ.
1403 414 1503 446 XIII.
1522 415 1564 445 in.
1584 414 1644 454 fol.
1662 416 1709 451 13,
1734 413 1786 444 abi
1804 413 2000 444 inscribitur:

363 469 532 508 Rffnbrica)
563 468 701 509 qualiter
728 467 875 498 dominus
900 467 1091 498 Fredericus
1122 471 1153 498 et
1182 468 1251 498 eius
1281 466 1365 497 filius
1390 465 1552 496 Hem-icus
1583 465 1791 506 proferebant
1819 464 1999 495 concedere

362 520 542 551 Lonbardis
568 520 691 561 regalia
715 523 748 551 et
773 519 1034 550 consuetudines,
1084 519 1191 550 Codice
1207 517 1385 548 Matmcnsi·
1400 527 1476 548 usus
1492 519 1536 548 cst
1555 517 1647 547 ctiam
1663 516 1826 547 IlIziratori
1849 515 1870 547 l.
1887 526 1910 546 c.
1926 517 1998 552 301,
2043 521 2052 537 ⁵

361 583 380 603 ιι
404 582 463 611 quo
485 572 623 610 reliquae
646 571 795 602 editiones
815 571 958 610 pendent,
981 572 1083 610 ‘utpote
1109 570 1234 602 Cam-lim·
1249 571 1312 600 204
1335 572 1390 607 (=
1417 568 1538 599 Scwioii
1560 567 1606 605 II.
1629 570 1658 605 2,
1678 569 1762 607 126),
1791 567 1913 606 Viynati
1928 568 2000 598 359.

362 624 481 655 Mende
503 623 614 654 codicis
637 623 800 662 aliquoties
823 633 837 653 c
861 622 1031 662 Privilcyio
1051 622 1140 661 pacis
1163 621 1400 652 emendavimus,
1741 619 1793 659 (P.
1813 620 1900 656 171.)

465 726 502 757 In
528 726 655 756 nomine
680 724 800 755 domini
824 725 922 755 nostri
944 725 1021 755 Iesu
1046 724 1177 755 Christi.

468 780 493 809 1.
518 777 675 808 Dominus
701 777 877 818 imperator
900 775 1116 817 F(ridericusl
1141 780 1173 806 et
1202 776 1286 806 filius
1311 776 1380 806 eius
1404 780 1486 806 rexst
1510 775 1671 806 Heni-icus
1696 774 1875 805 concedent
1899 774 2000 811 vobis,

362 830 557 862 civitatibus,
581 829 659 859 loeis
685 832 716 859 et
740 829 886 869 personis
913 828 1086 859 Societatis
1111 828 1233 868 regalia
1257 831 1289 858 et
1314 826 1563 858 consuetudines
1588 830 1712 857 vestras
1734 830 1799 857 tam
1824 827 1854 856 in
1873 827 2001 857 civitate

361 892 455 923 quam
490 884 583 912 extra
613 881 775 911 civitatem
809 880 1046 921 inperpetuum,
1078 879 1230 909 videlicet
1263 882 1298 909 ut
1327 879 1358 908 in
1385 879 1453 920 ipsa
1478 879 1605 909 civitate
1631 878 1738 908 omnia
1762 878 1793 908 in
1818 877 2001 919 integrumb

361 933 520 967 habeatis,
553 932 634 963 sicut
666 931 823 962 hactenus
856 931 1013 962 habuistis
1047 931 1096 961 vel
1130 930 1270 961 habetis:
1303 934 1396 961 extra
1426 940 1501 960 vcro
1536 940 1648 960 omncs
1673 930 1741 960 sine
1767 929 2002 960 contraditione

363 985 545 1016 exerceatis
576 983 836 1019 consuetudines,
869 994 948 1025 quas
979 983 1018 1013 ab
1048 983 1178 1023 antiquo
1203 982 1396 1013 exercuistis
1422 982 1472 1013 vel
1498 981 1674 1012 exercetis:
1707 981 1832 1012 scilicet
1857 981 1887 1011 in
1911 980 2002 1011 fodro

363 1040 394 1067 ct
418 1036 601 1067 nemoribus
627 1039 659 1066 et
683 1035 810 1076 pascuis
836 1039 867 1065 et
892 1035 1055 1075 pontibus,
1081 1035 1171 1075 aquis
1197 1038 1229 1064 et
1254 1033 1456 1064 molendinis.
1483 1034 1565 1064 sicut
1584 1033 1623 1064 ab
1642 1034 1772 1074 antiquo
1789 1033 1909 1064 habere
1927 1043 2001 1063 con-

362 1088 514 1119 suevistis
544 1088 594 1118 vel
624 1087 759 1118 habetis.
793 1087 823 1117 in
853 1087 1008 1117 exercitu,
1041 1086 1072 1116 in
1103 1085 1338 1116 municionibus
1364 1085 1547 1118 civitatum,
1578 1086 1609 1115 in
1634 1084 1848 1115 iurisdicionc.
1882 1087 1946 1115 tam
1971 1084 2002 1114 in

361 1139 579 1171 criminalibus
604 1149 699 1179 quam
731 1139 762 1169 in
794 1139 999 1180 pecuniariis.
1030 1139 1113 1168 intus
1138 1142 1170 1168 et
1195 1141 1297 1174 extra,
1329 1141 1360 1167 et
1384 1138 1415 1168 in
1445 1138 1561 1168 ceteris
1591 1147 1653 1178 quc
1678 1136 1716 1167 ad
1742 1135 2001 1167 commoditatem

362 1195 510 1234 spectant
535 1192 709 1222 civitatum.

464 1245 493 1274 2.
519 1243 687 1275 Volumus.
721 1246 756 1273 ut
785 1242 916 1282 regalia.
947 1252 1007 1283 que
1040 1242 1128 1272 vobis
1158 1252 1314 1272 concessa
1348 1251 1409 1271 non
1441 1245 1523 1276 sunt.
1558 1241 1589 1271 in
1621 1240 1703 1271 hunc
1728 1239 1857 1270 modum
1882 1250 2002 1280 cogno·

364 1299 511 1326 scantur:
538 1292 716 1336 Episcopus
742 1294 803 1324 loci
828 1298 860 1324 et
886 1294 1031 1324 homines
1057 1297 1120 1324 tam
1146 1293 1184 1323 de
1210 1293 1340 1323 civitate
1365 1303 1460 1333 quam
1485 1292 1524 1323 de
1543 1292 1731 1333 episcopatu
1749 1292 1919 1332 eligantur,
1945 1291 2003 1322 viri

363 1347 445 1377 bone
471 1346 629 1387 opinionis
655 1348 687 1376 et
711 1346 763 1387 qui
787 1345 827 1375 ad
851 1345 910 1375 hoe
936 1345 1042 1375 idonei
1067 1356 1138 1376 esse
1165 1344 1346 1378 credantur,
1372 1345 1454 1375 tales
1479 1344 1531 1385 qui
1556 1355 1614 1374 nec
1633 1347 1745 1374 contra
1762 1343 1925 1374 civitatem
1944 1353 2003 1374 nec

362 1401 472 1428 eontra
496 1398 722 1438 imperatorem
746 1397 868 1438 privato
893 1397 943 1427 vcl
969 1397 1099 1438 speciali
1125 1396 1198 1427 odio
1223 1400 1402 1427 teneantur.
1449 1396 1511 1431 Qui
1537 1396 1653 1433 iurent,
1678 1395 1761 1436 quod
1787 1395 1869 1426 bona
1886 1394 1948 1425 fide
1966 1398 1998 1425 ct
2027 1402 2038 1420 ‘2

364 1450 431 1479 sine
461 1449 573 1479 fraude
603 1449 790 1490 perquirent
819 1452 851 1479 et
880 1449 1030 1489 inquisita
1062 1448 1297 1489 consignabunt
1327 1459 1365 1478 ea
1396 1458 1457 1488 que
1490 1447 1677 1488 specialiter
1707 1447 1745 1477 ad
1777 1447 2004 1488 imperatorem

364 1504 520 1542 spectant.

466 1555 493 1583 3.
524 1552 557 1582 Si
587 1556 693 1583 autem
725 1552 797 1582 huic
830 1552 1028 1592 inquisitioni
1059 1550 1338 1593 supersedendum
1369 1562 1441 1581 esse
1474 1551 1675 1592 putaveritis,
1709 1561 1840 1581 censum
1870 1550 2004 1581 duarum

366 1605 487 1635 milium
512 1604 713 1634 marcharum
739 1615 796 1645 per
821 1603 965 1644 singulos
991 1614 1091 1633 annos
1117 1603 1288 1644 petimus&

468 1658 496 1688 4.
522 1656 554 1686 Si
580 1656 650 1697 quis
675 1658 783 1685 autem
808 1666 906 1696 super
930 1655 979 1685 his
1004 1665 1065 1695 quc
1091 1654 1181 1685 vobis
1206 1665 1362 1684 concessa
1384 1658 1457 1684 sunt
1475 1654 1524 1684 vel
1546 1654 1712 1695 permissa,
1739 1654 1805 1684 sive
1824 1653 1855 1683 in
1874 1654 2003 1684 civitate

365 1709 431 1739 sive
462 1711 554 1738 extra
578 1708 739 1738 civitatem
770 1711 927 1748 spectant.
959 1706 1190 1747 querimoniam
1217 1709 1293 1746 aput
1318 1705 1544 1746 imperatorem
1569 1705 1766 1746 deposuerit.
1797 1705 1865 1736 cius
1898 1705 2004 1746 qucri-

364 1760 503 1791 moniam
528 1759 676 1790 dominus
701 1759 876 1800 imperator
900 1769 963 1788 non
988 1757 1136 1788 admittet
1161 1762 1193 1788 et
1217 1757 1379 1788 silentium
1405 1757 1434 1787 ei
1461 1757 1602 1798 inponet.

467 1814 496 1841 5.
521 1811 592 1842 Hoc
617 1810 699 1851 quod
724 1810 869 1841 dominus
895 1810 1070 1851 imperator
1089 1810 1138 1840 vel
1164 1810 1232 1840 eius
1256 1813 1443 1840 antecessor
1468 1814 1543 1839 rex³
1569 1809 1619 1839 vel
1642 1809 1814 1849 imperator
1831 1808 2004 1850 episcopis,

365 1863 520 1899 eeclesiis,
554 1862 736 1893 civitatibus
768 1862 818 1892 vel
843 1862 912 1891 aliis
937 1861 1193 1902 quibuscumque
1223 1860 1378 1901 personis.
1414 1860 1539 1890 clericis
1568 1860 1618 1890 vel
1644 1860 1744 1895 laicis7
1778 1862 1852 1890 ante
1878 1863 2003 1901 tempus

365 1926 479 1955 guerre
510 1914 598 1945 (ledit
628 1914 679 1944 vcl
708 1913 850 1954 quolibet
875 1913 1094 1943 concessionis
1120 1912 1212 1942 titulo
1239 1911 1409 1942 concessit.
1440 1911 1563 1941 firmum
1590 1914 1621 1941 ct
1645 1915 1748 1941 ratum
1773 1910 1920 1941 dominus
1945 1911 2002 1941 im-

365 1970 495 2007 perator
512 1966 640 1999 habeat,
658 1965 753 1995 salvis
772 1965 992 2005 superioribus
1010 1964 1290 1994 concessionibus:
1308 1966 1340 1993 et
1358 1973 1414 2004 pro
1433 1973 1470 1993 eo
1489 1963 1517 1993 ei
1536 1963 1629 1993 solita
1648 1963 1785 1993 servicia
1805 1962 2005 2000 exibeantur,

366 2018 421 2049 scd
447 2028 563 2048 census
588 2028 649 2047 non
674 2019 844 2057 prestetur.

468 2072 496 2100 6.
523 2069 786 2106 Commoditates,
811 2079 890 2109 quas
916 2079 971 2109 pro
995 2068 1078 2098 bono
1095 2068 1183 2108 pacis
1202 2067 1384 2098 civitatibus
1403 2067 1621 2097 concessimus
1639 2067 1670 2096 in
1687 2067 1816 2097 civitate
1835 2066 1883 2096 vcl
1902 2069 2006 2102 extra,

368 2122 493 2152 illorum
518 2121 675 2161 regalium
701 2121 829 2150 nomine
856 2131 917 2150 non
944 2120 1163 2160 intelligimus.
1190 2130 1245 2160 pro
1270 2119 1387 2160 quibus
1413 2129 1527 2149 census
1553 2118 1672 2149 debeat
1697 2118 1841 2159 prestari.

470 2174 497 2202 7.
530 2172 703 2212 Privilegia
737 2172 842 2201 omnia
872 2175 903 2202 et
932 2171 1005 2201 data
1039 2175 1070 2201 ct
1104 2171 1338 2201 concessiones.
1371 2182 1432 2211 que
1458 2171 1487 2200 in
1518 2170 1727 2211 preiudicium
1754 2170 1803 2200 vel
1828 2169 2001 2210 dampnum

368 2225 532 2255 civitatum
562 2224 612 2253 vel
645 2224 785 2253 locorum
811 2223 861 2253 vel
886 2233 1095 2264 personarum
1122 2223 1293 2253 Societatis
1319 2223 1488 2253 occasione
1512 2233 1628 2263 guerre
1655 2221 1703 2251 vcl
1728 2221 1844 2251 iniuria
1867 2220 2004 2251 alicuius

368 2276 582 2317 predictorum
606 2287 624 2306 a
640 2275 768 2305 domino
786 2275 980 2316 imperatore
1001 2275 1048 2304 vel
1066 2286 1085 2305 a
1102 2275 1220 2305 nuntiis
1239 2275 1308 2305 eius
1326 2274 1451 2305 indulta
1469 2277 1552 2311 sunt,
1578 2276 1762 2303 cassentur0
1785 2276 1817 2303 et
1834 2272 1864 2302 in
1882 2272 2005 2302 irritum

368 2328 576 2358 deducantur.

470 2380 498 2409 8.
525 2379 561 2409 In
586 2379 714 2409 civitate
740 2378 803 2416 illa,
834 2378 865 2407 in
891 2388 953 2418 qua
978 2377 1150 2418 episcopus
1176 2388 1232 2418 per
1262 2378 1466 2418 privilegium
1493 2377 1693 2417 imperatoris
1721 2376 1769 2406 vel
1794 2376 1879 2416 regis
1905 2375 2002 2405 comi-

369 2436 468 2462 tatum
495 2430 599 2461 habet.
626 2430 651 2459 si
676 2430 823 2460 eonsules
849 2440 905 2470 por
929 2429 1032 2469 ipsum
1058 2429 1241 2469 episcopum
1268 2430 1493 2459 auctoritatem
1519 2428 1705 2458 consulatus
1725 2427 1868 2468 recipere
1887 2427 2003 2457 solent.

369 2484 408 2513 ab
440 2484 507 2523 ipso
538 2482 703 2522 recipiant,
735 2482 815 2511 sicut
847 2481 988 2521 recipere
1018 2485 1271 2511 consueverunt:
1301 2481 1442 2521 alioquin
1474 2490 1664 2520 unaqueque
1697 2479 1810 2509 civitas
1837 2489 1854 2508 a
1879 2478 2008 2508 domino

370 2535 553 2575 inperatore
582 2534 785 2563 consulatum
816 2532 958 2573 recipiet.
1013 2532 1257 2572 Consequenter
1290 2536 1383 2572 prout
1416 2533 1445 2562 in
1479 2531 1614 2572 singulis
1647 2529 1828 2563 civitatibus
1859 2529 2007 2559 consules

472 2636 537 2662 ⁸383).
561 2636 584 2667 3)
605 2646 643 2661 res
662 2646 681 2660 c.
783 2635 806 2667 b)
826 2637 909 2660 omnin
931 2621 979 2659 xiiii]
1000 2645 1020 2659 (τ.
1109 2636 1131 2665 e)
1152 2639 1285 2659 cassantur
1304 2644 1324 2659 c.

477 2733 498 2755 1»
524 2731 663 2758 Miramur.
690 2731 760 2763 qnod
778 2731 824 2756 looc
846 2732 898 2755 low
920 2730 1039 2755 clausula
1061 2730 1086 2753 in
1111 2730 1228 2761 sororem
1249 2729 1455 2754 Lwnluowlmnmz
1474 2730 1546 2759 sitem
1564 2728 1701 2754 «uniamur.
1727 2736 1794 2759 ιμηιι·
1812 2727 1961 2751 (teutmaro-
1982 2734 2009 2750 tn¹

373 2775 499 2799 l'rliliom‘
519 2775 680 2806 intpcmloris
699 2784 713 2799 a
734 2774 870 2800 rectoribus
888 2774 1015 2807 castinum
1034 2781 1054 2798 c.
1068 2776 1082 2798 3
1101 2775 1122 2797 ei
1143 2773 1168 2797 in
1184 2772 1323 2805 1³ririleyiu
1343 2772 1417 2804 pacis
1431 2771 1601 2797 (amatunam
1619 2780 1637 2796 e.
1653 2775 1673 2797 3.
1710 2771 1752 2795 Aa
1770 2770 1836 2795 dces(
1855 2777 1886 2794 ec
1903 2769 2007 2794 incuria

370 2818 472 2843 librarii
481 2819 493 2842 ᾗ)

2032 882 2054 899 lo

2031 1146 2053 1164 15

2033 1664 2056 1683 εξ,

2032 1922 2056 1939 30

2034 2433 2058 2450 4υ
