2205 3072
324 176 385 204 320
413 163 419 169 μ
738 171 919 197 FRIDERICI
940 171 959 196 Ι.
979 169 1301 196 CONSTITUTIONES.
1336 170 1408 194 1165.
1439 168 1555 193 Nr.226.

323 275 352 291 se
377 264 543 298 opponendo
568 262 777 294 contradixerit,
813 260 935 288 certum
965 257 1005 287 sit
1034 257 1117 298 apud
1143 257 1205 291 te'¹,
1235 255 1319 297 quod
1345 256 1426 285 sicut
1451 255 1598 296 publicus
1624 254 1725 284 hostis
1749 254 1809 284 Dei
1835 256 1885 283 etc
1910 253 1968 283 im-

324 313 403 354 perii
427 311 548 352 absque
574 310 679 341 omnid
704 320 761 351 spe
787 309 1041 350 recuperationis
1067 308 1225 339 iudicatus
1251 312 1300 338 cst
1326 310 1357 337 ct
1381 307 1584 348 dampnatus.
1610 310 1661 336 et⁰
1685 305 1725 336 ab
1751 305 1838 335 omni
1862 305 1968 335 officio

325 368 356 394 ct
380 364 501 394 honore
526 362 575 393 etf
598 362 756 393 beneficio
782 361 966 392 destitutus.

427 414 475 455 (6)
500 414 626 444 Literas
660 413 787 454 quidem
818 412 994 443 vocationis
1023 412 1079 442 tibi
1109 411 1357 442 transmisimus:
1392 413 1424 440 et
1452 410 1526 450 quia
1560 408 1734 440 seeundum
1764 407 1967 449 prudentiam

325 472 411 497 tuam
441 466 532 497 nobis
562 466 593 496 in
625 466 732 496 curiag
757 464 960 496 necessarius
985 463 1077 494 valde
1103 463 1229 498 fuisses.
1260 461 1344 503 quod
1376 462 1489 492 literae
1518 464 1646 492 nostrae
1679 459 1717 490 ad
1748 464 1777 490 te
1808 470 1870 489 non
1895 469 1969 500 per-

326 518 504 552 venerunth
536 517 628 548 valde
660 517 815 548 dolemus.
877 516 1010 546 Interim
1043 515 1089 545 ini
1120 515 1265 556 partibus
1297 513 1359 544 tuis
1395 513 1613 554 praesentiam
1648 517 1791 543 nostram
1824 514 1970 552 praesto-

326 569 476 601 laberisk.
528 569 577 600 Ibi
607 568 706 600 eniml
740 579 811 599 eum
841 568 1009 598 viciniores
1040 567 1169 599 erimus.
1200 567 1225 596 si
1255 565 1330 607 quid
1356 565 1498 595 iustitiae
1523 564 1579 595 tibi
1605 564 1752 600 defuerit.
1783 574 1840 605 per
1867 562 1972 594 omnia

327 622 568 664 complebimus.
608 620 690 651 Vale
700 620 716 651 ¹.

364 767 440 799 226.
470 766 750 798 MANDATUM
774 765 838 796 AD
868 765 1137 797 EPISGOPUM
1163 763 1549 796 GAMERAGENSEM
1570 762 1636 793 DE
1656 761 1937 793 IL'RAMENTO

469 817 779 850 PRAESTANDO
802 817 867 848 ET
884 816 954 848 DE
976 816 1186 847 ABBATJS
1213 814 1601 848 GONSEORATIONE.
1640 814 1722 853 (0014.
1746 813 1840 849 Nou.)

432 879 641 918 Propouimus
670 890 707 909 tw
742 878 767 919 ἰ)
793 878 889 909 codice
917 878 1055 908 civitatis
1078 877 1317 908 1'alencmzcnsa's
1340 878 1404 906 442
1434 887 1510 906 succ.
1528 875 1610 906 XII.
1636 875 1694 916 fol.
1711 876 1761 911 85,
1790 884 1878 913 quem
1906 883 1974 903 con-

330 932 468 962 tulerunt
485 931 667 962 Bcthmann
684 932 711 960 ct
727 929 855 963 Hellar:
880 929 913 970 2)
937 929 1068 960 editione
1086 928 1237 959 chclccric'
1254 929 1288 958 in
1305 928 1471 967 Spicileyic)
1497 927 1529 965 V,
1546 928 1607 958 570
1632 926 1692 966 (cd.
1709 926 1756 957 ΙΙ.
1774 925 1841 963 ΙΙΙ,
1855 926 1918 956 537
1934 941 1973 951 z

330 984 473 1023 Bouqzteff
495 983 528 1013 X
536 982 589 1019 Vl,
607 983 691 1023 693).
717 1000 756 1004 —
781 980 917 1022 Stumpf,
940 980 1016 1021 Ray.
1034 982 1127 1011 4542.
1699 977 1752 1016 (P.
1769 978 1873 1016 deest.)

434 1086 638 1117 Fridericus³
655 1085 717 1116 Dei
734 1085 839 1125 gratia
856 1085 1075 1115 Romanorum
1094 1084 1270 1125 imperator
1286 1087 1444 1124 augustus
1462 1082 1548 1114 fideli
1568 1093 1624 1113 suo
1642 1082 1801 1113 Nieolaob
1821 1081 1973 1112 Camera-

332 1139 436 1170 censis
462 1138 620 1169 ecclesiae
646 1136 822 1168 venerabili
848 1137 1001 1178 episcopo
1026 1136 1163 1177 gratiam
1189 1140 1220 1166 et
1244 1145 1337 1166 omne
1364 1135 1492 1165 bonum.

436 1189 628 1220 Audivimus
653 1193 685 1220 et
709 1200 749 1219 ex
775 1189 946 1219 multorum
972 1188 1010 1219 de
1035 1188 1181 1229 partibus
1208 1187 1453 1218 Cameracensis
1485 1187 1691 1228 episcopatus
1718 1185 1872 1217 relatione
1897 1184 1976 1216 fide-

334 1245 412 1274 lium
442 1242 574 1273 auribus
607 1241 724 1272 nostris
750 1241 813 1271 iam
839 1241 947 1282 sepius
973 1240 1123 1277 insonuit,
1153 1239 1237 1280 quod
1262 1240 1293 1270 in
1318 1239 1464 1281 partibus
1489 1239 1552 1269 tuis
1583 1249 1641 1269 nec
1666 1238 1793 1269 debitus
1819 1237 1918 1268 honor
1942 1241 1977 1267 ut

334 1296 465 1326 deceret
495 1294 629 1335 imperio
660 1292 862 1335 impendatur
893 1302 951 1322 nec
980 1291 1163 1322 obedientia
1192 1302 1249 1322 seu
1278 1292 1375 1322 etiam
1407 1291 1589 1322 reverentia
1613 1290 1761 1321 dominoc
1784 1300 1888 1331 papae
1913 1288 1976 1320 Pa-

336 1347 437 1378 schali
472 1349 567 1388 prout
598 1345 767 1387 expediret
799 1344 1009 1375 exhibeatur:
1045 1344 1235 1385 praesertim
1262 1354 1333 1374 cum
1364 1343 1455 1374 multi
1480 1343 1667 1374 clericorum
1693 1345 1724 1372 et
1749 1341 1977 1383 praelatorum,

337 1400 434 1430 immo
459 1399 557 1429 etiam
588 1397 809 1438 religiosorum
830 1400 885 1426 tua
907 1396 1004 1426 nimia
1021 1396 1178 1437 patientia
1194 1395 1363 1426 abutentes
1387 1405 1444 1436 per
1466 1394 1689 1436 episcopatum
1708 1393 1977 1423 Cameracensem
2006 1405 2016 1423 ε

337 1452 481 1483 debitum
507 1451 722 1481 iuramentum
748 1448 887 1479 nondum
907 1448 1137 1489 praestiterint.
1185 1449 1290 1489 Super
1308 1458 1370 1489 quo
1389 1447 1559 1488 plurimum
1579 1445 1796 1480 ammiramur.
1822 1444 1980 1475 mirantur

338 1508 370 1535 et
393 1502 537 1534 universi
562 1502 614 1543 qui
640 1500 749 1531 vident
775 1505 806 1531 et
830 1500 974 1531 audiunt.
1021 1499 1058 1530 In
1084 1510 1145 1540 quo
1171 1499 1293 1540 liquido
1318 1502 1408 1541 patet
1433 1498 1589 1539 nobisque
1615 1497 1786 1528 manifeste
1812 1495 1905 1526 datur
1930 1496 1979 1526 in-

339 1555 450 1596 telligi,
475 1553 559 1595 quod
584 1553 668 1584 circa
693 1552 854 1593 negotium
880 1551 999 1582 domini
1025 1562 1127 1593 papae
1145 1551 1314 1581 Pasehalis
1341 1550 1478 1581 fidelitas
1503 1553 1558 1580 tua
1583 1560 1646 1580 non
1671 1549 1795 1580 sincere
1821 1558 1855 1579 se
1873 1547 1980 1589 geritd

340 1607 391 1638 vel
416 1605 609 1637 moderatur.
657 1604 740 1640 Quia
765 1614 840 1634 vcro
865 1614 962 1645 super
986 1603 1033 1633 his
1058 1603 1205 1633 omnibus
1230 1602 1348 1633 cotidie
1374 1602 1535 1632 ammirari
1554 1612 1615 1632 non
1639 1611 1804 1631 cessamus
1829 1603 1861 1631 et
1877 1599 1981 1630 omnis

339 1669 428 1689 mora
452 1668 508 1688 seu
533 1657 642 1687 dilatio
668 1666 797 1697 semper
822 1655 861 1685 ad
888 1666 921 1686 se
951 1655 1049 1685 trahit
1078 1655 1267 1696 periculum.
1300 1654 1395 1684 liuius
1427 1655 1472 1684 rei
1498 1664 1596 1684 eausa
1625 1652 1846 1684 honorabilem
1871 1652 1980 1682 curiae
2009 1664 2020 1673 *¹

338 1714 465 1741 nostrae
498 1709 673 1751 principem
707 1707 965 1747 Etrlcboldum]e
991 1706 1194 1737 Stabulensis
1225 1706 1384 1737 ecelesiae
1416 1706 1584 1736 abbatem.
1618 1705 1721 1735 virum
1751 1704 1926 1735 discretum
1951 1706 1983 1734 et

338 1762 539 1805 prudentem.
564 1771 636 1791 eum
660 1761 758 1802 plena
782 1760 972 1790 auctoritate
997 1762 1125 1789 nostrae
1150 1758 1323 1798 legationis
1347 1757 1386 1788 ad
1412 1758 1598 1788 universum
1617 1756 1887 1787 Cameracensem
1914 1755 1982 1796 epi-

340 1817 506 1856 scopatum
523 1812 770 1844 transmittimus
784 1822 922 1852 eumque
940 1816 1014 1841 tuae
1033 1810 1107 1841 fidei
1126 1814 1158 1841 et
1173 1810 1335 1840 dilectioni
1351 1810 1506 1840 attentius
1521 1808 1794 1845 commendamus,
1814 1810 1983 1838 monentes

340 1875 544 1907 summopere
570 1868 666 1905 atque
691 1866 853 1903 rogantes.
879 1863 1028 1903 quatinus
1053 1862 1084 1892 in
1109 1862 1194 1892 omni
1219 1865 1309 1903 parte
1335 1862 1380 1892 tui
1407 1861 1624 1903 episcopatus.
1649 1860 1834 1901 ubicunque
1851 1862 1906 1890 tua
1923 1869 1983 1900 ope

340 1929 420 1960 opus
451 1916 625 1949 habuerits.
657 1915 795 1945 fideliter
826 1918 857 1944 et
888 1914 1022 1944 viriliter
1052 1914 1080 1943 ei
1112 1914 1246 1944 assistas
1278 1918 1309 1944 ot
1338 1913 1377 1943 ad
1412 1912 1629 1954 promovenda
1659 1912 1784 1953 imperii
1809 1915 1840 1942 et
1864 1910 1983 1941 domini

340 1980 443 2012 papae
478 1968 609 2009 negotia
634 1971 744 1997 eontra
774 1966 914 1997 rebelles
944 1966 1079 1996 clericos
1105 1966 1154 1995 vel
1180 1965 1314 1996 abbates
1340 1976 1396 1995 sen
1422 1965 1502 1995 alios
1528 1965 1689 2006 praelatos
1716 1968 1804 1994 tuum
1829 1962 1985 1993 auxilium

340 2021 487 2063 diligenti
512 2031 608 2062 opera
635 2019 765 2050 studeas
791 2018 956 2048 adhibere.
1004 2018 1029 2047 A
1056 2022 1165 2047 nostra
1190 2017 1273 2047 enini
1305 2017 1473 2047 maiestate
1498 2017 1529 2047 in
1555 2016 1712 2047 mandatis
1738 2015 1873 2056 accepit,
1903 2013 1986 2055 quod

342 2075 420 2105 nulli
446 2073 558 2104 rebelli
583 2072 699 2103 clerieo
727 2072 774 2101 vel
801 2070 957 2101 monacho
983 2070 1013 2100 in
1038 2074 1104 2100 toto
1130 2070 1319 2110 episcopatu
1345 2073 1398 2099 tuo
1424 2069 1535 2099 oculus
1561 2069 1629 2099 eius
1653 2071 1764 2109 parcat
1789 2067 1838 2097 vel
1864 2066 1985 2107 lingua,

342 2126 398 2157 sed
422 2126 453 2156 in
479 2125 546 2155 eins
571 2123 755 2165 praesentia
780 2126 811 2153 et
829 2126 884 2152 tua
903 2132 967 2159 eos.
993 2122 1045 2162 qui
1062 2121 1201 2151 nondum
1221 2121 1408 2151 iuraverunt
1425 2120 1554 2151 domino
1573 2130 1676 2161 papae
1694 2118 1854 2154 Paschali.
1880 2119 1985 2148 iurare

342 2177 450 2211 faciat,
482 2176 629 2207 nolentes
659 2178 766 2205 autem
799 2178 830 2204 et
862 2173 1122 2203 contradicentes
1152 2177 1259 2202 nostra
1290 2173 1433 2203 iussione
1459 2176 1490 2202 ct
1514 2171 1708 2202 auctoritate
1733 2170 1772 2201 ab
1798 2171 1985 2212 episcopatu

343 2228 571 2260 Cameracensi
596 2237 726 2268 prorsus
752 2226 897 2256 eliminet
921 2229 1018 2265 atquc
1043 2225 1150 2255 eiciat.

446 2280 495 2310 De
527 2284 656 2311 caetero
687 2278 827 2308 maxima
858 2277 1004 2308 ducimur
1033 2276 1247 2307 admiratione
1278 2287 1374 2317 snper
1405 2277 1533 2316 negotio
1562 2276 1671 2307 dilecti
1702 2280 1733 2306 et
1757 2274 1862 2305 fidelis
1887 2273 1989 2304 nostri

344 2332 577 2370 G(ossichini)“
607 2331 733 2361 abbatis
765 2330 874 2360 Sancti
908 2328 1040 2359 Gisleni.
1078 2338 1140 2369 qua
1170 2328 1319 2358 videlicet
1349 2328 1532 2363 occasione.
1565 2338 1627 2368 qua
1657 2327 1831 2358 intentione
1858 2335 1986 2356 manum

344 2383 598 2415 consecrationis
629 2383 657 2412 ei
689 2382 852 2423 imponere
886 2380 1065 2412 distuleris.
1095 2380 1282 2420 praesertim
1316 2390 1387 2409 eum
1417 2390 1489 2410 eum
1515 2390 1530 2409 a
1556 2379 1648 2409 nobis
1674 2378 1866 2408 honoratum
1891 2380 1987 2417 atque

344 2436 530 2466 investitum
556 2439 587 2465 et
611 2444 682 2464 cum
706 2432 905 2473 plenitudine
931 2431 1061 2461 honoris
1087 2434 1118 2461 et
1141 2431 1265 2471 gratiae
1283 2431 1340 2461 tibi
1360 2435 1392 2461 et
1409 2431 1568 2461 ecelesiae
1587 2434 1661 2460 tuae
1679 2430 1849 2460 remissum
1867 2438 1985 2469 eogno-

346 2487 431 2517 veris
462 2491 493 2517 et
522 2484 697 2526 acceperis.
730 2485 869 2514 maxime
903 2494 974 2513 eum
1008 2483 1099 2513 nobis
1133 2486 1164 2513 et
1196 2483 1329 2524 imperio
1364 2484 1432 2524 ipse
1466 2483 1569 2513 fidelis
1601 2482 1759 2512 habeatur
1784 2484 1815 2512 et
1838 2480 1926 2511 utilis
1951 2490 1988 2510 ao

447 2588 511 2614 2¹25.
533 2589 555 2620 ¹¹)
572 2598 624 2613 vos
642 2589 666 2612 l'.
740 2594 761 2612 Γ)
784 2588 828 2611 Uei
843 2593 864 2611 ei
880 2587 929 2611 [les.
946 2588 966 2611 »δ’
979 2587 1048 2611 1—3.
1122 2586 1147 2618 ¹¹)
1167 2587 1234 2611 dees!
1249 2589 1268 2609 N
1280 2586 1301 2611 4.
1318 2587 1347 2611 l'.
1419 2590 1441 2617 u)
1461 2592 1491 2610 et
1509 2600 1534 2602 a-
1552 2586 1628 2609 Vale
1642 2586 1692 2609 eles.
1707 2585 1736 2608 Ι).
1809 2583 1831 2614 f)
1845 2589 1921 2616 atque
1935 2584 1956 2607 S
1964 2582 1988 2607 4.

346 2635 371 2663 S)
391 2634 416 2657 iu
436 2633 508 2657 ouria
526 2633 577 2656 (les.
592 2634 612 2655 Ν
628 2632 699 2655 Ῑήῑγῖ.
807 2629 830 2659 ¹¹)
851 2631 1011 2661 pervenerint
1031 2630 1052 2654 S
1066 2630 1087 2654 1.
1194 2629 1212 2659 ἰ)
1232 2631 1307 2654 etiam
1328 2632 1347 2654 ,δ’
1364 2630 1384 2654 l.
1485 2628 1509 2658 k)
1529 2629 1677 2661 prestolabis
1698 2628 1718 2652 S
1730 2628 1758 2657 23
1778 2627 1913 2660 prestolare
1932 2625 1988 2651 S4.

345 2675 363 2705 l)
384 2675 450 2706 deest
470 2675 491 2700 S
505 2675 577 2699 1—3.

393 2721 396 2724 Δ
448 2725 512 2752 '3⁸2ss-
537 2727 559 2757 ³¹)
582 2728 608 2750 F.
624 2726 643 2750 1.
718 2725 739 2755 b)
760 2726 788 2749 N.
806 2725 826 2755 l,
846 2725 900 2748 alia
918 2733 1010 2749 manus
1022 2724 1200 2755 superscripsit
1214 2725 1343 2749 Nicbolao.
1418 2725 1439 2751 c)
1460 2724 1554 2748 domini
1570 2724 1591 2747 1.
1662 2721 1686 2750 d,
1707 2723 1771 2754 regit
1786 2722 1806 2746 l.
1877 2722 1900 2751 θ)
1921 2722 1948 2745 Ε.
1964 2719 1988 2750 1;

345 2775 369 2794 et
387 2769 410 2793 2.
481 2768 506 2800 f)
525 2778 555 2794 ea:
574 2778 638 2794 corr.
662 2769 682 2793 l.
771 2770 795 2797 g)
815 2769 845 2792 G.
861 2767 887 2798 1;
907 2768 974 2792 deest
993 2766 1017 2792 2.

2002 826 2025 844 10

2005 1142 2026 1160 15

2012 1920 2036 1938 ³0

2014 2179 2037 2198 35

2015 2442 2040 2460 40

2016 2727 2040 2745 45
