<?xml version="1.0" encoding="UTF-8"?>
<!DOCTYPE html PUBLIC "-//W3C//DTD XHTML 1.0 Transitional//EN"
    "http://www.w3.org/TR/xhtml1/DTD/xhtml1-transitional.dtd">
<html xmlns="http://www.w3.org/1999/xhtml" xml:lang="en" lang="en">
 <head>
  <title>
</title>
<meta http-equiv="Content-Type" content="text/html;charset=utf-8" />
  <meta name='ocr-system' content='tesseract 3.04.00' />
  <meta name='ocr-capabilities' content='ocr_page ocr_carea ocr_par ocr_line ocrx_word'/>
</head>
<body>
  <div class='ocr_page' id='page_1' title='image "./monumentagelegum01geseuoft_0625.png"; bbox 0 0 2205 3072; ppageno 0'>
   <div class='ocr_carea' id='block_1_1' title="bbox 438 205 1853 237">
    <p class='ocr_par' dir='ltr' id='par_1_1' title="bbox 438 205 1853 237">
     <span class='ocr_line' id='line_1_1' title="bbox 438 205 1853 237; baseline 0.001 -6"><span class='ocrx_word' id='word_1_1' title='bbox 438 206 583 231; x_wconf 70' lang='lat' dir='ltr'>TREUGA</span> <span class='ocrx_word' id='word_1_2' title='bbox 605 206 663 231; x_wconf 86' lang='lat' dir='ltr'>DEI</span> <span class='ocrx_word' id='word_1_3' title='bbox 683 205 976 232; x_wconf 71' lang='lat' dir='ltr'>ARCHIDIOECESIS</span> <span class='ocrx_word' id='word_1_4' title='bbox 997 205 1253 232; x_wconf 72' lang='lat' dir='ltr'>ARELATENSls.</span> <span class='ocrx_word' id='word_1_5' title='bbox 1293 206 1478 232; x_wconf 75' lang='lat'>1037—1041.</span> <span class='ocrx_word' id='word_1_6' title='bbox 1516 206 1561 232; x_wconf 82' lang='lat' dir='ltr'>Nr.</span> <span class='ocrx_word' id='word_1_7' title='bbox 1575 207 1632 232; x_wconf 74' lang='lat'>419.</span> <span class='ocrx_word' id='word_1_8' title='bbox 1793 209 1853 237; x_wconf 74' lang='grc'>597</span> 
     </span>
    </p>
   </div>
   <div class='ocr_carea' id='block_1_2' title="bbox 204 291 1855 487">
    <p class='ocr_par' dir='ltr' id='par_1_2' title="bbox 204 291 1855 487">
     <span class='ocr_line' id='line_1_2' title="bbox 204 291 1852 333; baseline 0.001 -12"><span class='ocrx_word' id='word_1_9' title='bbox 204 295 235 321; x_wconf 87' lang='lat' dir='ltr'>et</span> <span class='ocrx_word' id='word_1_10' title='bbox 262 292 349 322; x_wconf 86' lang='lat' dir='ltr'>illam</span> <span class='ocrx_word' id='word_1_11' title='bbox 375 295 497 322; x_wconf 80' lang='lat' dir='ltr'>trevam</span> <span class='ocrx_word' id='word_1_12' title='bbox 524 291 585 322; x_wconf 84' lang='lat' dir='ltr'>Dei</span> <span class='ocrx_word' id='word_1_13' title='bbox 611 303 705 333; x_wconf 90' lang='lat' dir='ltr'>quam</span> <span class='ocrx_word' id='word_1_14' title='bbox 732 296 763 322; x_wconf 90' lang='lat' dir='ltr'>et</span> <span class='ocrx_word' id='word_1_15' title='bbox 786 303 845 323; x_wconf 88' lang='lat' dir='ltr'>nos</span> <span class='ocrx_word' id='word_1_16' title='bbox 870 292 977 322; x_wconf 87' lang='lat' dir='ltr'>divina</span> <span class='ocrx_word' id='word_1_17' title='bbox 1002 293 1178 333; x_wconf 83' lang='lat' dir='ltr'>inspirante</span> <span class='ocrx_word' id='word_1_18' title='bbox 1204 293 1423 323; x_wconf 73' lang='lat' dir='ltr'>misericordia</span> <span class='ocrx_word' id='word_1_19' title='bbox 1447 293 1486 323; x_wconf 87' lang='lat' dir='ltr'>de</span> <span class='ocrx_word' id='word_1_20' title='bbox 1512 294 1604 324; x_wconf 74' lang='lat' dir='ltr'>coelo</span> <span class='ocrx_word' id='word_1_21' title='bbox 1630 293 1721 323; x_wconf 85' lang='lat' dir='ltr'>nobis</span> <span class='ocrx_word' id='word_1_22' title='bbox 1747 296 1852 323; x_wconf 84' lang='lat' dir='ltr'>trans-</span> 
     </span>
     <span class='ocr_line' id='line_1_3' title="bbox 208 343 1855 386; baseline 0.001 -13"><span class='ocrx_word' id='word_1_23' title='bbox 208 343 339 373; x_wconf 77' lang='lat' dir='ltr'>missam</span> <span class='ocrx_word' id='word_1_24' title='bbox 365 343 426 373; x_wconf 86' lang='lat' dir='ltr'>iam</span> <span class='ocrx_word' id='word_1_25' title='bbox 451 344 638 384; x_wconf 80' lang='lat' dir='ltr'>accepimus</span> <span class='ocrx_word' id='word_1_26' title='bbox 664 347 695 374; x_wconf 87' lang='lat' dir='ltr'>et</span> <span class='ocrx_word' id='word_1_27' title='bbox 719 344 853 374; x_wconf 88' lang='lat' dir='ltr'>firmiter</span> <span class='ocrx_word' id='word_1_28' title='bbox 877 347 1035 378; x_wconf 71' lang='lat' dir='ltr'>tenemus,</span> <span class='ocrx_word' id='word_1_29' title='bbox 1060 344 1105 373; x_wconf 87' lang='lat' dir='ltr'>ita.</span> <span class='ocrx_word' id='word_1_30' title='bbox 1129 344 1335 373; x_wconf 85' lang='lat' dir='ltr'>constitutam</span> <span class='ocrx_word' id='word_1_31' title='bbox 1362 348 1393 374; x_wconf 88' lang='lat' dir='ltr'>et</span> <span class='ocrx_word' id='word_1_32' title='bbox 1419 344 1608 386; x_wconf 76' lang='lat' dir='ltr'>dispositam</span> <span class='ocrx_word' id='word_1_33' title='bbox 1628 345 1794 375; x_wconf 85' lang='lat' dir='ltr'>videlieet:</span> <span class='ocrx_word' id='word_1_34' title='bbox 1821 348 1855 374; x_wconf 89' lang='lat' dir='ltr'>ut</span> 
     </span>
     <span class='ocr_line' id='line_1_4' title="bbox 207 394 1854 436; baseline 0.001 -12"><span class='ocrx_word' id='word_1_35' title='bbox 207 395 247 424; x_wconf 85' lang='lat' dir='ltr'>ab</span> <span class='ocrx_word' id='word_1_36' title='bbox 273 394 348 424; x_wconf 86' lang='lat' dir='ltr'>hora</span> <span class='ocrx_word' id='word_1_37' title='bbox 373 395 560 436; x_wconf 82' lang='lat' dir='ltr'>vespertina</span> <span class='ocrx_word' id='word_1_38' title='bbox 588 395 652 425; x_wconf 87' lang='lat' dir='ltr'>diei</span> <span class='ocrx_word' id='word_1_39' title='bbox 678 395 829 425; x_wconf 75' lang='lat' dir='ltr'>Mercurii</span> <span class='ocrx_word' id='word_1_40' title='bbox 862 396 944 424; x_wconf 85' lang='lat' dir='ltr'>inter</span> <span class='ocrx_word' id='word_1_41' title='bbox 968 405 1080 425; x_wconf 85' lang='lat' dir='ltr'>omnes</span> <span class='ocrx_word' id='word_1_42' title='bbox 1106 394 1309 430; x_wconf 69' lang='lat' dir='ltr'>christianos,</span> <span class='ocrx_word' id='word_1_43' title='bbox 1342 396 1463 425; x_wconf 82' lang='lat' dir='ltr'>amicos</span> <span class='ocrx_word' id='word_1_44' title='bbox 1489 399 1520 425; x_wconf 90' lang='lat' dir='ltr'>et</span> <span class='ocrx_word' id='word_1_45' title='bbox 1544 396 1703 432; x_wconf 78' lang='lat' dir='ltr'>inimicos,</span> <span class='ocrx_word' id='word_1_46' title='bbox 1733 396 1854 426; x_wconf 79' lang='lat' dir='ltr'>vicinos</span> 
     </span>
     <span class='ocr_line' id='line_1_5' title="bbox 206 446 1852 487; baseline 0.001 -12"><span class='ocrx_word' id='word_1_47' title='bbox 206 448 446 481; x_wconf 80' lang='lat' dir='ltr'>et&#39;extraneos,</span> <span class='ocrx_word' id='word_1_48' title='bbox 479 447 519 476; x_wconf 81' lang='lat' dir='ltr'>sit</span> <span class='ocrx_word' id='word_1_49' title='bbox 543 447 632 476; x_wconf 89' lang='lat' dir='ltr'>firma</span> <span class='ocrx_word' id='word_1_50' title='bbox 656 457 718 487; x_wconf 85' lang='lat' dir='ltr'>pax</span> <span class='ocrx_word' id='word_1_51' title='bbox 744 450 776 476; x_wconf 87' lang='lat' dir='ltr'>et</span> <span class='ocrx_word' id='word_1_52' title='bbox 800 446 924 477; x_wconf 85' lang='lat' dir='ltr'>stabilis</span> <span class='ocrx_word' id='word_1_53' title='bbox 955 450 1067 476; x_wconf 89' lang='lat' dir='ltr'>treuva</span> <span class='ocrx_word' id='word_1_54' title='bbox 1097 456 1199 486; x_wconf 88' lang='lat' dir='ltr'>usque</span> <span class='ocrx_word' id='word_1_55' title='bbox 1225 446 1255 476; x_wconf 90' lang='lat' dir='ltr'>in</span> <span class='ocrx_word' id='word_1_56' title='bbox 1282 446 1323 477; x_wconf 86' lang='lat' dir='ltr'>II.</span> <span class='ocrx_word' id='word_1_57' title='bbox 1349 447 1462 476; x_wconf 87' lang='lat' dir='ltr'>feriam</span> <span class='ocrx_word' id='word_1_58' title='bbox 1488 447 1517 477; x_wconf 93' lang='lat' dir='ltr'>id</span> <span class='ocrx_word' id='word_1_59' title='bbox 1543 451 1592 477; x_wconf 84' lang='lat' dir='ltr'>est</span> <span class='ocrx_word' id='word_1_60' title='bbox 1616 447 1667 477; x_wconf 87' lang='lat' dir='ltr'>die</span> <span class='ocrx_word' id='word_1_61' title='bbox 1694 448 1787 477; x_wconf 89' lang='lat' dir='ltr'>lunae</span> <span class='ocrx_word' id='word_1_62' title='bbox 1813 447 1852 477; x_wconf 88' lang='lat' dir='ltr'>ad</span> 
     </span>
    </p>
   </div>
   <div class='ocr_carea' id='block_1_3' title="bbox 163 497 1852 539">
    <p class='ocr_par' dir='ltr' id='par_1_3' title="bbox 163 497 1852 539">
     <span class='ocr_line' id='line_1_6' title="bbox 163 497 1852 539; baseline 0.002 -14"><span class='ocrx_word' id='word_1_63' title='bbox 163 506 173 523; x_wconf 68' lang='lat' dir='ltr'>f·</span> <span class='ocrx_word' id='word_1_64' title='bbox 207 500 310 527; x_wconf 85' lang='lat' dir='ltr'>ortum</span> <span class='ocrx_word' id='word_1_65' title='bbox 337 497 423 532; x_wconf 74' lang='lat' dir='ltr'>solis,</span> <span class='ocrx_word' id='word_1_66' title='bbox 449 500 483 527; x_wconf 92' lang='lat' dir='ltr'>ut</span> <span class='ocrx_word' id='word_1_67' title='bbox 508 498 577 527; x_wconf 81' lang='lat' dir='ltr'>istis</span> <span class='ocrx_word' id='word_1_68' title='bbox 603 501 740 538; x_wconf 84' lang='lat' dir='ltr'>quatuor</span> <span class='ocrx_word' id='word_1_69' title='bbox 763 497 878 528; x_wconf 86' lang='lat' dir='ltr'>diebus</span> <span class='ocrx_word' id='word_1_70' title='bbox 904 508 940 527; x_wconf 78' lang='lat' dir='ltr'>ac</span> <span class='ocrx_word' id='word_1_71' title='bbox 965 497 1114 527; x_wconf 84' lang='lat' dir='ltr'>noctibus</span> <span class='ocrx_word' id='word_1_72' title='bbox 1139 497 1224 527; x_wconf 87' lang='lat' dir='ltr'>omni</span> <span class='ocrx_word' id='word_1_73' title='bbox 1250 497 1328 527; x_wconf 89' lang='lat' dir='ltr'>hora</span> <span class='ocrx_word' id='word_1_74' title='bbox 1353 498 1457 528; x_wconf 77' lang='lat' dir='ltr'>securi</span> <span class='ocrx_word' id='word_1_75' title='bbox 1483 499 1547 528; x_wconf 85' lang='lat' dir='ltr'>sint</span> <span class='ocrx_word' id='word_1_76' title='bbox 1573 501 1604 528; x_wconf 84' lang='lat' dir='ltr'>et</span> <span class='ocrx_word' id='word_1_77' title='bbox 1622 498 1741 528; x_wconf 82' lang='lat' dir='ltr'>faciant</span> <span class='ocrx_word' id='word_1_78' title='bbox 1758 498 1852 539; x_wconf 88' lang='lat' dir='ltr'>quid-</span> 
     </span>
    </p>
   </div>
   <div class='ocr_carea' id='block_1_4' title="bbox 156 763 178 780">
    <p class='ocr_par' dir='ltr' id='par_1_4' title="bbox 156 763 178 780">
     <span class='ocr_line' id='line_1_7' title="bbox 156 763 178 780; baseline -0.045 0"><span class='ocrx_word' id='word_1_79' title='bbox 156 763 178 780; x_wconf 81' lang='lat'>10</span> 
     </span>
    </p>
   </div>
   <div class='ocr_carea' id='block_1_5' title="bbox 155 1802 179 1818">
    <p class='ocr_par' dir='ltr' id='par_1_5' title="bbox 155 1802 179 1818">
     <span class='ocr_line' id='line_1_8' title="bbox 155 1802 179 1818; baseline -0.042 0"><span class='ocrx_word' id='word_1_80' title='bbox 155 1802 179 1818; x_wconf 72' lang='lat'>3⁴)</span> 
     </span>
    </p>
   </div>
   <div class='ocr_carea' id='block_1_6' title="bbox 156 2314 181 2330">
    <p class='ocr_par' dir='ltr' id='par_1_6' title="bbox 156 2314 181 2330">
     <span class='ocr_line' id='line_1_9' title="bbox 156 2314 181 2330; baseline 0 0"><span class='ocrx_word' id='word_1_81' title='bbox 156 2314 181 2330; x_wconf 71' lang='grc'>41)</span> 
     </span>
    </p>
   </div>
   <div class='ocr_carea' id='block_1_7' title="bbox 204 548 1856 1002">
    <p class='ocr_par' dir='ltr' id='par_1_7' title="bbox 204 548 1856 1002">
     <span class='ocr_line' id='line_1_10' title="bbox 204 548 1856 590; baseline 0.001 -12"><span class='ocrx_word' id='word_1_82' title='bbox 204 548 280 589; x_wconf 90' lang='lat' dir='ltr'>quid</span> <span class='ocrx_word' id='word_1_83' title='bbox 305 548 365 578; x_wconf 85' lang='lat' dir='ltr'>erit</span> <span class='ocrx_word' id='word_1_84' title='bbox 390 552 615 590; x_wconf 60' lang='lat' dir='ltr'>opportunum</span> <span class='ocrx_word' id='word_1_85' title='bbox 641 549 681 579; x_wconf 88' lang='lat' dir='ltr'>ab</span> <span class='ocrx_word' id='word_1_86' title='bbox 707 550 791 579; x_wconf 91' lang='lat' dir='ltr'>omni</span> <span class='ocrx_word' id='word_1_87' title='bbox 818 549 932 579; x_wconf 84' lang='lat' dir='ltr'>timore</span> <span class='ocrx_word' id='word_1_88' title='bbox 957 548 1158 578; x_wconf 83' lang='lat' dir='ltr'>inimicorum</span> <span class='ocrx_word' id='word_1_89' title='bbox 1186 548 1326 578; x_wconf 88' lang='lat' dir='ltr'>absoluti</span> <span class='ocrx_word' id='word_1_90' title='bbox 1352 553 1383 579; x_wconf 88' lang='lat' dir='ltr'>et</span> <span class='ocrx_word' id='word_1_91' title='bbox 1409 550 1438 579; x_wconf 88' lang='lat' dir='ltr'>iu</span> <span class='ocrx_word' id='word_1_92' title='bbox 1462 549 1695 590; x_wconf 73' lang='lat' dir='ltr'>tranquillitate</span> <span class='ocrx_word' id='word_1_93' title='bbox 1714 550 1802 590; x_wconf 87' lang='lat' dir='ltr'>paeis</span> <span class='ocrx_word' id='word_1_94' title='bbox 1823 553 1856 580; x_wconf 90' lang='lat' dir='ltr'>et</span> 
     </span>
     <span class='ocr_line' id='line_1_11' title="bbox 204 600 1855 641; baseline 0.001 -11"><span class='ocrx_word' id='word_1_95' title='bbox 204 601 295 630; x_wconf 84' lang='lat' dir='ltr'>istius</span> <span class='ocrx_word' id='word_1_96' title='bbox 320 603 451 630; x_wconf 78' lang='lat' dir='ltr'>treuvae</span> <span class='ocrx_word' id='word_1_97' title='bbox 477 600 666 630; x_wconf 83' lang='lat' dir='ltr'>confirmati.</span> <span class='ocrx_word' id='word_1_98' title='bbox 758 602 803 639; x_wconf 83' lang='lat'>(3)</span> <span class='ocrx_word' id='word_1_99' title='bbox 830 600 1032 641; x_wconf 81' lang='lat' dir='ltr'>Quicumque</span> <span class='ocrx_word' id='word_1_100' title='bbox 1058 600 1138 630; x_wconf 85' lang='lat' dir='ltr'>hane</span> <span class='ocrx_word' id='word_1_101' title='bbox 1164 610 1276 641; x_wconf 83' lang='lat' dir='ltr'>pacem</span> <span class='ocrx_word' id='word_1_102' title='bbox 1305 604 1337 630; x_wconf 88' lang='lat' dir='ltr'>et</span> <span class='ocrx_word' id='word_1_103' title='bbox 1364 604 1508 631; x_wconf 77' lang='lat' dir='ltr'>treuvam</span> <span class='ocrx_word' id='word_1_104' title='bbox 1528 601 1587 631; x_wconf 85' lang='lat' dir='ltr'>Dei</span> <span class='ocrx_word' id='word_1_105' title='bbox 1606 601 1855 632; x_wconf 76' lang='lat' dir='ltr'>observaverint</span> 
     </span>
     <span class='ocr_line' id='line_1_12' title="bbox 204 652 1852 693; baseline 0.001 -12"><span class='ocrx_word' id='word_1_106' title='bbox 204 662 240 681; x_wconf 82' lang='lat' dir='ltr'>ao</span> <span class='ocrx_word' id='word_1_107' title='bbox 265 652 398 682; x_wconf 82' lang='lat' dir='ltr'>firmiter</span> <span class='ocrx_word' id='word_1_108' title='bbox 421 652 595 687; x_wconf 65' lang='lat' dir='ltr'>tenuerint,</span> <span class='ocrx_word' id='word_1_109' title='bbox 627 652 689 681; x_wconf 78' lang='lat' dir='ltr'>sint</span> <span class='ocrx_word' id='word_1_110' title='bbox 719 652 858 682; x_wconf 87' lang='lat' dir='ltr'>absoluti</span> <span class='ocrx_word' id='word_1_111' title='bbox 884 663 903 682; x_wconf 86' lang='lat' dir='ltr'>a</span> <span class='ocrx_word' id='word_1_112' title='bbox 927 652 996 682; x_wconf 81' lang='lat' dir='ltr'>Deo</span> <span class='ocrx_word' id='word_1_113' title='bbox 1023 655 1113 692; x_wconf 87' lang='lat' dir='ltr'>patre</span> <span class='ocrx_word' id='word_1_114' title='bbox 1140 652 1359 693; x_wconf 74' lang='lat' dir='ltr'>omnipotente.</span> <span class='ocrx_word' id='word_1_115' title='bbox 1385 656 1417 682; x_wconf 83' lang='lat' dir='ltr'>et</span> <span class='ocrx_word' id='word_1_116' title='bbox 1441 652 1506 682; x_wconf 82' lang='lat' dir='ltr'>filio</span> <span class='ocrx_word' id='word_1_117' title='bbox 1531 653 1599 682; x_wconf 83' lang='lat' dir='ltr'>eius</span> <span class='ocrx_word' id='word_1_118' title='bbox 1624 652 1698 682; x_wconf 83' lang='lat' dir='ltr'>Iesu</span> <span class='ocrx_word' id='word_1_119' title='bbox 1724 652 1852 683; x_wconf 85' lang='lat' dir='ltr'>Christo</span> 
     </span>
     <span class='ocr_line' id='line_1_13' title="bbox 207 702 1854 744; baseline 0.001 -11"><span class='ocrx_word' id='word_1_120' title='bbox 207 706 238 733; x_wconf 86' lang='lat' dir='ltr'>et</span> <span class='ocrx_word' id='word_1_121' title='bbox 263 703 383 744; x_wconf 77' lang='lat' dir='ltr'>Spiritu</span> <span class='ocrx_word' id='word_1_122' title='bbox 410 706 520 733; x_wconf 80' lang='lat' dir='ltr'>sancto</span> <span class='ocrx_word' id='word_1_123' title='bbox 546 706 577 733; x_wconf 85' lang='lat' dir='ltr'>et</span> <span class='ocrx_word' id='word_1_124' title='bbox 602 702 641 733; x_wconf 84' lang='lat' dir='ltr'>de</span> <span class='ocrx_word' id='word_1_125' title='bbox 666 707 777 733; x_wconf 79' lang='lat' dir='ltr'>saneta</span> <span class='ocrx_word' id='word_1_126' title='bbox 802 703 904 734; x_wconf 85' lang='lat' dir='ltr'>Maria</span> <span class='ocrx_word' id='word_1_127' title='bbox 929 714 999 733; x_wconf 86' lang='lat' dir='ltr'>eum</span> <span class='ocrx_word' id='word_1_128' title='bbox 1025 704 1131 733; x_wconf 79' lang='lat' dir='ltr'>choris</span> <span class='ocrx_word' id='word_1_129' title='bbox 1157 704 1315 743; x_wconf 79' lang='lat' dir='ltr'>virginum</span> <span class='ocrx_word' id='word_1_130' title='bbox 1341 707 1372 733; x_wconf 89' lang='lat' dir='ltr'>et</span> <span class='ocrx_word' id='word_1_131' title='bbox 1397 703 1435 733; x_wconf 92' lang='lat' dir='ltr'>de</span> <span class='ocrx_word' id='word_1_132' title='bbox 1461 707 1572 734; x_wconf 81' lang='lat' dir='ltr'>sancto</span> <span class='ocrx_word' id='word_1_133' title='bbox 1596 703 1755 734; x_wconf 85' lang='lat' dir='ltr'>Michaele</span> <span class='ocrx_word' id='word_1_134' title='bbox 1782 715 1854 734; x_wconf 87' lang='lat' dir='ltr'>cum</span> 
     </span>
     <span class='ocr_line' id='line_1_14' title="bbox 207 749 1856 796; baseline 0 -11"><span class='ocrx_word' id='word_1_135' title='bbox 207 755 308 785; x_wconf 79' lang='lat' dir='ltr'>choris</span> <span class='ocrx_word' id='word_1_136' title='bbox 341 756 529 795; x_wconf 78' lang='lat' dir='ltr'>angelorum</span> <span class='ocrx_word' id='word_1_137' title='bbox 560 758 591 785; x_wconf 90' lang='lat' dir='ltr'>et</span> <span class='ocrx_word' id='word_1_138' title='bbox 622 754 660 784; x_wconf 88' lang='lat' dir='ltr'>dc</span> <span class='ocrx_word' id='word_1_139' title='bbox 693 759 804 786; x_wconf 82' lang='lat' dir='ltr'>sancto</span> <span class='ocrx_word' id='word_1_140' title='bbox 834 755 930 785; x_wconf 86' lang='lat' dir='ltr'>Petro</span> <span class='ocrx_word' id='word_1_141' title='bbox 961 749 1105 796; x_wconf 75' lang='lat' dir='ltr'>principe</span> <span class='ocrx_word' id='word_1_142' title='bbox 1139 755 1356 796; x_wconf 79' lang='lat' dir='ltr'>apostolorum</span> <span class='ocrx_word' id='word_1_143' title='bbox 1391 766 1461 784; x_wconf 89' lang='lat' dir='ltr'>eum</span> <span class='ocrx_word' id='word_1_144' title='bbox 1493 755 1641 785; x_wconf 86' lang='lat' dir='ltr'>omnibus</span> <span class='ocrx_word' id='word_1_145' title='bbox 1672 755 1792 785; x_wconf 82' lang='lat' dir='ltr'>sanctis</span> <span class='ocrx_word' id='word_1_146' title='bbox 1823 758 1856 785; x_wconf 84' lang='lat' dir='ltr'>et</span> 
     </span>
     <span class='ocr_line' id='line_1_15' title="bbox 205 806 1854 848; baseline 0 -12"><span class='ocrx_word' id='word_1_147' title='bbox 205 806 351 836; x_wconf 82' lang='lat' dir='ltr'>fidelibus</span> <span class='ocrx_word' id='word_1_148' title='bbox 382 807 505 836; x_wconf 77' lang='lat' dir='ltr'>cunctis</span> <span class='ocrx_word' id='word_1_149' title='bbox 537 817 619 836; x_wconf 86' lang='lat' dir='ltr'>nunc</span> <span class='ocrx_word' id='word_1_150' title='bbox 653 811 684 836; x_wconf 88' lang='lat' dir='ltr'>et</span> <span class='ocrx_word' id='word_1_151' title='bbox 715 817 842 848; x_wconf 80' lang='lat' dir='ltr'>semper</span> <span class='ocrx_word' id='word_1_152' title='bbox 874 812 905 836; x_wconf 86' lang='lat' dir='ltr'>et</span> <span class='ocrx_word' id='word_1_153' title='bbox 937 817 994 848; x_wconf 92' lang='lat' dir='ltr'>per</span> <span class='ocrx_word' id='word_1_154' title='bbox 1024 807 1131 836; x_wconf 80' lang='lat' dir='ltr'>mimia</span> <span class='ocrx_word' id='word_1_155' title='bbox 1155 807 1287 836; x_wconf 78' lang='lat' dir='ltr'>saecula</span> <span class='ocrx_word' id='word_1_156' title='bbox 1317 806 1527 837; x_wconf 71' lang='lat' dir='ltr'>saeculorum.</span> <span class='ocrx_word' id='word_1_157' title='bbox 1619 808 1667 845; x_wconf 69' lang='lat'>(4)</span> <span class='ocrx_word' id='word_1_158' title='bbox 1693 806 1754 840; x_wconf 79' lang='lat' dir='ltr'>Qui</span> <span class='ocrx_word' id='word_1_159' title='bbox 1779 816 1854 836; x_wconf 87' lang='lat' dir='ltr'>vero</span> 
     </span>
     <span class='ocr_line' id='line_1_16' title="bbox 204 857 1853 899; baseline 0 -12"><span class='ocrx_word' id='word_1_160' title='bbox 204 862 348 888; x_wconf 80' lang='lat' dir='ltr'>treuvam</span> <span class='ocrx_word' id='word_1_161' title='bbox 374 858 565 899; x_wconf 79' lang='lat' dir='ltr'>promissam</span> <span class='ocrx_word' id='word_1_162' title='bbox 592 858 763 888; x_wconf 73' lang='lat' dir='ltr'>habuerint</span> <span class='ocrx_word' id='word_1_163' title='bbox 786 863 817 889; x_wconf 88' lang='lat' dir='ltr'>et</span> <span class='ocrx_word' id='word_1_164' title='bbox 836 869 869 888; x_wconf 81' lang='lat' dir='ltr'>se.</span> <span class='ocrx_word' id='word_1_165' title='bbox 888 858 1087 888; x_wconf 81' lang='lat' dir='ltr'>scientibusa</span> <span class='ocrx_word' id='word_1_166' title='bbox 1112 858 1285 898; x_wconf 78' lang='lat' dir='ltr'>infringere</span> <span class='ocrx_word' id='word_1_167' title='bbox 1304 858 1473 891; x_wconf 79' lang='lat' dir='ltr'>voluerint,</span> <span class='ocrx_word' id='word_1_168' title='bbox 1499 858 1562 887; x_wconf 81' lang='lat' dir='ltr'>sint</span> <span class='ocrx_word' id='word_1_169' title='bbox 1580 857 1853 888; x_wconf 83' lang='lat' dir='ltr'>excommunicati</span> 
     </span>
     <span class='ocr_line' id='line_1_17' title="bbox 206 909 1849 950; baseline -0.001 -11"><span class='ocrx_word' id='word_1_170' title='bbox 206 920 224 939; x_wconf 86' lang='lat' dir='ltr'>a</span> <span class='ocrx_word' id='word_1_171' title='bbox 250 909 320 939; x_wconf 85' lang='lat' dir='ltr'>Deo</span> <span class='ocrx_word' id='word_1_172' title='bbox 351 914 441 950; x_wconf 85' lang='lat' dir='ltr'>patre</span> <span class='ocrx_word' id='word_1_173' title='bbox 467 910 689 950; x_wconf 74' lang='lat' dir='ltr'>omnipotente</span> <span class='ocrx_word' id='word_1_174' title='bbox 720 914 752 939; x_wconf 89' lang='lat' dir='ltr'>et</span> <span class='ocrx_word' id='word_1_175' title='bbox 782 910 845 940; x_wconf 85' lang='lat' dir='ltr'>tilio</span> <span class='ocrx_word' id='word_1_176' title='bbox 878 911 948 940; x_wconf 85' lang='lat' dir='ltr'>eius</span> <span class='ocrx_word' id='word_1_177' title='bbox 974 910 1048 940; x_wconf 78' lang='lat' dir='ltr'>lesu</span> <span class='ocrx_word' id='word_1_178' title='bbox 1074 910 1202 940; x_wconf 74' lang='lat' dir='ltr'>Christo</span> <span class='ocrx_word' id='word_1_179' title='bbox 1228 914 1259 939; x_wconf 85' lang='lat' dir='ltr'>ct</span> <span class='ocrx_word' id='word_1_180' title='bbox 1285 910 1404 950; x_wconf 70' lang='lat' dir='ltr'>Spiritu</span> <span class='ocrx_word' id='word_1_181' title='bbox 1439 913 1549 939; x_wconf 76' lang='lat' dir='ltr'>saneto</span> <span class='ocrx_word' id='word_1_182' title='bbox 1581 913 1612 939; x_wconf 85' lang='lat' dir='ltr'>et</span> <span class='ocrx_word' id='word_1_183' title='bbox 1637 909 1676 939; x_wconf 90' lang='lat' dir='ltr'>de</span> <span class='ocrx_word' id='word_1_184' title='bbox 1702 909 1849 939; x_wconf 82' lang='lat' dir='ltr'>omnibus</span> 
     </span>
     <span class='ocr_line' id='line_1_18' title="bbox 208 961 1856 1002; baseline 0 -12"><span class='ocrx_word' id='word_1_185' title='bbox 208 961 326 991; x_wconf 76' lang='lat' dir='ltr'>sanctis</span> <span class='ocrx_word' id='word_1_186' title='bbox 356 961 416 991; x_wconf 90' lang='lat' dir='ltr'>Dei</span> <span class='ocrx_word' id='word_1_187' title='bbox 447 961 509 991; x_wconf 81' lang='lat' dir='ltr'>sint</span> <span class='ocrx_word' id='word_1_188' title='bbox 539 962 820 994; x_wconf 73' lang='lat' dir='ltr'>excommunicati,</span> <span class='ocrx_word' id='word_1_189' title='bbox 854 962 1016 992; x_wconf 77' lang='lat' dir='ltr'>maledieti</span> <span class='ocrx_word' id='word_1_190' title='bbox 1047 966 1079 991; x_wconf 87' lang='lat' dir='ltr'>et</span> <span class='ocrx_word' id='word_1_191' title='bbox 1108 962 1259 991; x_wconf 82' lang='lat' dir='ltr'>detestati</span> <span class='ocrx_word' id='word_1_192' title='bbox 1290 961 1340 991; x_wconf 80' lang='lat' dir='ltr'>hie.</span> <span class='ocrx_word' id='word_1_193' title='bbox 1373 965 1403 991; x_wconf 90' lang='lat' dir='ltr'>ct</span> <span class='ocrx_word' id='word_1_194' title='bbox 1434 961 1464 991; x_wconf 89' lang='lat' dir='ltr'>in</span> <span class='ocrx_word' id='word_1_195' title='bbox 1494 964 1697 1002; x_wconf 72' lang='lat' dir='ltr'>perpetuum,</span> <span class='ocrx_word' id='word_1_196' title='bbox 1730 965 1762 991; x_wconf 86' lang='lat' dir='ltr'>et</span> <span class='ocrx_word' id='word_1_197' title='bbox 1793 961 1856 990; x_wconf 88' lang='lat' dir='ltr'>sint</span> 
     </span>
    </p>
   </div>
   <div class='ocr_carea' id='block_1_8' title="bbox 169 1012 1854 1054">
    <p class='ocr_par' dir='ltr' id='par_1_8' title="bbox 169 1012 1854 1054">
     <span class='ocr_line' id='line_1_19' title="bbox 169 1012 1854 1054; baseline 0 -12"><span class='ocrx_word' id='word_1_198' title='bbox 169 1022 178 1038; x_wconf 64' lang='lat'>⁸»</span> <span class='ocrx_word' id='word_1_199' title='bbox 207 1012 350 1043; x_wconf 89' lang='lat' dir='ltr'>damnati</span> <span class='ocrx_word' id='word_1_200' title='bbox 376 1013 458 1042; x_wconf 84' lang='lat' dir='ltr'>sicut</span> <span class='ocrx_word' id='word_1_201' title='bbox 483 1012 613 1043; x_wconf 85' lang='lat' dir='ltr'>Dathan</span> <span class='ocrx_word' id='word_1_202' title='bbox 640 1016 671 1043; x_wconf 87' lang='lat' dir='ltr'>et</span> <span class='ocrx_word' id='word_1_203' title='bbox 697 1013 819 1043; x_wconf 85' lang='lat' dir='ltr'>Abiron</span> <span class='ocrx_word' id='word_1_204' title='bbox 845 1017 877 1043; x_wconf 87' lang='lat' dir='ltr'>et</span> <span class='ocrx_word' id='word_1_205' title='bbox 902 1014 985 1044; x_wconf 80' lang='lat' dir='ltr'>sicut</span> <span class='ocrx_word' id='word_1_206' title='bbox 1010 1014 1108 1044; x_wconf 84' lang='lat' dir='ltr'>Iudas</span> <span class='ocrx_word' id='word_1_207' title='bbox 1134 1014 1185 1054; x_wconf 87' lang='lat' dir='ltr'>qui</span> <span class='ocrx_word' id='word_1_208' title='bbox 1212 1013 1343 1043; x_wconf 86' lang='lat' dir='ltr'>tradidit</span> <span class='ocrx_word' id='word_1_209' title='bbox 1368 1012 1550 1048; x_wconf 57' lang='lat' dir='ltr'>Dominunu</span> <span class='ocrx_word' id='word_1_210' title='bbox 1576 1016 1607 1042; x_wconf 81' lang='lat' dir='ltr'>et</span> <span class='ocrx_word' id='word_1_211' title='bbox 1633 1013 1697 1042; x_wconf 84' lang='lat' dir='ltr'>sint</span> <span class='ocrx_word' id='word_1_212' title='bbox 1722 1012 1854 1042; x_wconf 78' lang='lat' dir='ltr'>dimersi</span> 
     </span>
    </p>
   </div>
   <div class='ocr_carea' id='block_1_9' title="bbox 204 1064 1856 1518">
    <p class='ocr_par' dir='ltr' id='par_1_9' title="bbox 204 1064 1856 1518">
     <span class='ocr_line' id='line_1_20' title="bbox 205 1064 1856 1105; baseline -0.001 -11"><span class='ocrx_word' id='word_1_213' title='bbox 205 1065 235 1094; x_wconf 89' lang='lat' dir='ltr'>in</span> <span class='ocrx_word' id='word_1_214' title='bbox 260 1064 453 1105; x_wconf 90' lang='lat' dir='ltr'>profundum</span> <span class='ocrx_word' id='word_1_215' title='bbox 481 1065 596 1094; x_wconf 85' lang='lat' dir='ltr'>inferni</span> <span class='ocrx_word' id='word_1_216' title='bbox 625 1065 707 1094; x_wconf 81' lang='lat' dir='ltr'>sicut</span> <span class='ocrx_word' id='word_1_217' title='bbox 731 1064 858 1095; x_wconf 82' lang='lat' dir='ltr'>Pharao</span> <span class='ocrx_word' id='word_1_218' title='bbox 884 1066 913 1095; x_wconf 95' lang='lat' dir='ltr'>in</span> <span class='ocrx_word' id='word_1_219' title='bbox 945 1065 1050 1095; x_wconf 85' lang='lat' dir='ltr'>medio</span> <span class='ocrx_word' id='word_1_220' title='bbox 1076 1066 1182 1100; x_wconf 68' lang='lat' dir='ltr'>maris,</span> <span class='ocrx_word' id='word_1_221' title='bbox 1219 1065 1242 1094; x_wconf 81' lang='lat' dir='ltr'>si</span> <span class='ocrx_word' id='word_1_222' title='bbox 1268 1065 1308 1094; x_wconf 89' lang='lat' dir='ltr'>ad</span> <span class='ocrx_word' id='word_1_223' title='bbox 1333 1064 1592 1094; x_wconf 70' lang='lat' dir='ltr'>emendationem</span> <span class='ocrx_word' id='word_1_224' title='bbox 1618 1074 1679 1093; x_wconf 91' lang='lat' dir='ltr'>non</span> <span class='ocrx_word' id='word_1_225' title='bbox 1707 1064 1856 1094; x_wconf 85' lang='lat' dir='ltr'>venerint</span> 
     </span>
     <span class='ocr_line' id='line_1_21' title="bbox 206 1115 1855 1158; baseline -0.001 -12"><span class='ocrx_word' id='word_1_226' title='bbox 206 1117 288 1146; x_wconf 83' lang='lat' dir='ltr'>sicut</span> <span class='ocrx_word' id='word_1_227' title='bbox 312 1117 521 1146; x_wconf 80' lang='lat' dir='ltr'>constitutum</span> <span class='ocrx_word' id='word_1_228' title='bbox 549 1120 608 1146; x_wconf 88' lang='lat' dir='ltr'>est.</span> <span class='ocrx_word' id='word_1_229' title='bbox 697 1116 744 1155; x_wconf 83' lang='lat'>(5)</span> <span class='ocrx_word' id='word_1_230' title='bbox 770 1116 932 1146; x_wconf 73' lang='lat' dir='ltr'>Videlicet</span> <span class='ocrx_word' id='word_1_231' title='bbox 957 1117 982 1147; x_wconf 88' lang='lat' dir='ltr'>si</span> <span class='ocrx_word' id='word_1_232' title='bbox 1008 1117 1078 1158; x_wconf 86' lang='lat' dir='ltr'>quis</span> <span class='ocrx_word' id='word_1_233' title='bbox 1103 1117 1133 1146; x_wconf 92' lang='lat' dir='ltr'>in</span> <span class='ocrx_word' id='word_1_234' title='bbox 1160 1117 1236 1157; x_wconf 79' lang='lat' dir='ltr'>ipsis</span> <span class='ocrx_word' id='word_1_235' title='bbox 1262 1116 1376 1146; x_wconf 82' lang='lat' dir='ltr'>diebus</span> <span class='ocrx_word' id='word_1_236' title='bbox 1402 1119 1535 1146; x_wconf 76' lang='lat' dir='ltr'>treuvae</span> <span class='ocrx_word' id='word_1_237' title='bbox 1560 1115 1620 1145; x_wconf 83' lang='lat' dir='ltr'>Dei</span> <span class='ocrx_word' id='word_1_238' title='bbox 1647 1115 1855 1145; x_wconf 70' lang='lat' dir='ltr'>homicidium</span> 
     </span>
     <span class='ocr_line' id='line_1_22' title="bbox 205 1167 1854 1209; baseline -0.001 -12"><span class='ocrx_word' id='word_1_239' title='bbox 205 1168 328 1204; x_wconf 64' lang='lat' dir='ltr'>fecerit,</span> <span class='ocrx_word' id='word_1_240' title='bbox 355 1168 430 1198; x_wconf 87' lang='lat' dir='ltr'>exul</span> <span class='ocrx_word' id='word_1_241' title='bbox 455 1168 559 1198; x_wconf 82' lang='lat' dir='ltr'>faetus</span> <span class='ocrx_word' id='word_1_242' title='bbox 584 1172 680 1208; x_wconf 89' lang='lat' dir='ltr'>atque</span> <span class='ocrx_word' id='word_1_243' title='bbox 705 1179 721 1197; x_wconf 83' lang='lat' dir='ltr'>a</span> <span class='ocrx_word' id='word_1_244' title='bbox 748 1169 877 1209; x_wconf 89' lang='lat' dir='ltr'>propria</span> <span class='ocrx_word' id='word_1_245' title='bbox 901 1169 1005 1209; x_wconf 86' lang='lat' dir='ltr'>patria</span> <span class='ocrx_word' id='word_1_246' title='bbox 1031 1169 1165 1204; x_wconf 63' lang='lat' dir='ltr'>eiectus„</span> <span class='ocrx_word' id='word_1_247' title='bbox 1193 1168 1369 1198; x_wconf 74' lang='lat' dir='ltr'>Ierusalem</span> <span class='ocrx_word' id='word_1_248' title='bbox 1395 1167 1530 1197; x_wconf 77' lang='lat' dir='ltr'>tendens</span> <span class='ocrx_word' id='word_1_249' title='bbox 1556 1167 1764 1207; x_wconf 76' lang='lat' dir='ltr'>l‹;›1igi11qiu11n</span> <span class='ocrx_word' id='word_1_250' title='bbox 1790 1167 1854 1196; x_wconf 86' lang='lat' dir='ltr'>illie</span> 
     </span>
     <span class='ocr_line' id='line_1_23' title="bbox 205 1217 1855 1260; baseline -0.001 -11"><span class='ocrx_word' id='word_1_251' title='bbox 205 1220 346 1260; x_wconf 87' lang='lat' dir='ltr'>patiatur</span> <span class='ocrx_word' id='word_1_252' title='bbox 371 1220 514 1249; x_wconf 85' lang='lat' dir='ltr'>exilium.</span> <span class='ocrx_word' id='word_1_253' title='bbox 563 1220 595 1249; x_wconf 80' lang='lat' dir='ltr'>Si</span> <span class='ocrx_word' id='word_1_254' title='bbox 621 1230 696 1249; x_wconf 86' lang='lat' dir='ltr'>vero</span> <span class='ocrx_word' id='word_1_255' title='bbox 723 1220 752 1249; x_wconf 91' lang='lat' dir='ltr'>in</span> <span class='ocrx_word' id='word_1_256' title='bbox 777 1220 848 1250; x_wconf 85' lang='lat' dir='ltr'>aliis</span> <span class='ocrx_word' id='word_1_257' title='bbox 867 1220 1066 1260; x_wconf 69' lang='lat' dir='ltr'>quibuslibet</span> <span class='ocrx_word' id='word_1_258' title='bbox 1084 1220 1181 1249; x_wconf 78' lang='lat' dir='ltr'>rebus</span> <span class='ocrx_word' id='word_1_259' title='bbox 1202 1219 1420 1260; x_wconf 81' lang='lat' dir='ltr'>supradictam</span> <span class='ocrx_word' id='word_1_260' title='bbox 1445 1223 1590 1248; x_wconf 82' lang='lat' dir='ltr'>treuvam</span> <span class='ocrx_word' id='word_1_261' title='bbox 1615 1217 1675 1248; x_wconf 85' lang='lat' dir='ltr'>Dei</span> <span class='ocrx_word' id='word_1_262' title='bbox 1694 1222 1725 1248; x_wconf 77' lang='lat' dir='ltr'>et</span> <span class='ocrx_word' id='word_1_263' title='bbox 1743 1228 1855 1259; x_wconf 84' lang='lat' dir='ltr'>pacem</span> 
     </span>
     <span class='ocr_line' id='line_1_24' title="bbox 208 1270 1856 1312; baseline -0.002 -11"><span class='ocrx_word' id='word_1_264' title='bbox 208 1271 351 1311; x_wconf 77' lang='lat' dir='ltr'>fregerit,</span> <span class='ocrx_word' id='word_1_265' title='bbox 385 1272 589 1302; x_wconf 85' lang='lat' dir='ltr'>examinatus</span> <span class='ocrx_word' id='word_1_266' title='bbox 623 1281 678 1312; x_wconf 77' lang='lat' dir='ltr'>per</span> <span class='ocrx_word' id='word_1_267' title='bbox 708 1271 840 1301; x_wconf 76' lang='lat' dir='ltr'>decreta</span> <span class='ocrx_word' id='word_1_268' title='bbox 871 1272 979 1312; x_wconf 77' lang='lat' dir='ltr'>legum</span> <span class='ocrx_word' id='word_1_269' title='bbox 1011 1272 1225 1301; x_wconf 76' lang='lat' dir='ltr'>saecularium</span> <span class='ocrx_word' id='word_1_270' title='bbox 1258 1272 1346 1300; x_wconf 83' lang='lat' dir='ltr'>iuxta</span> <span class='ocrx_word' id='word_1_271' title='bbox 1373 1270 1501 1300; x_wconf 85' lang='lat' dir='ltr'>modum</span> <span class='ocrx_word' id='word_1_272' title='bbox 1529 1270 1693 1310; x_wconf 80' lang='lat' dir='ltr'>culparum</span> <span class='ocrx_word' id='word_1_273' title='bbox 1720 1273 1856 1309; x_wconf 83' lang='lat' dir='ltr'>cogatur</span> 
     </span>
     <span class='ocr_line' id='line_1_25' title="bbox 206 1320 1851 1364; baseline -0.001 -12"><span class='ocrx_word' id='word_1_274' title='bbox 206 1322 390 1363; x_wconf 75' lang='lat' dir='ltr'>persolvere</span> <span class='ocrx_word' id='word_1_275' title='bbox 431 1327 462 1353; x_wconf 84' lang='lat' dir='ltr'>et</span> <span class='ocrx_word' id='word_1_276' title='bbox 499 1334 557 1364; x_wconf 89' lang='lat' dir='ltr'>per</span> <span class='ocrx_word' id='word_1_277' title='bbox 603 1326 785 1353; x_wconf 80' lang='lat' dir='ltr'>sanctorum</span> <span class='ocrx_word' id='word_1_278' title='bbox 826 1333 982 1352; x_wconf 82' lang='lat' dir='ltr'>canonum</span> <span class='ocrx_word' id='word_1_279' title='bbox 1030 1323 1158 1361; x_wconf 70' lang='lat' dir='ltr'>regulas</span> <span class='ocrx_word' id='word_1_280' title='bbox 1198 1322 1359 1363; x_wconf 78' lang='lat' dir='ltr'>duplicata</span> <span class='ocrx_word' id='word_1_281' title='bbox 1408 1322 1610 1363; x_wconf 84' lang='lat' dir='ltr'>poenitentia</span> <span class='ocrx_word' id='word_1_282' title='bbox 1650 1320 1851 1351; x_wconf 86' lang='lat' dir='ltr'>iudicabitur.</span> 
     </span>
     <span class='ocr_line' id='line_1_26' title="bbox 206 1373 1855 1415; baseline -0.001 -12"><span class='ocrx_word' id='word_1_283' title='bbox 206 1375 254 1411; x_wconf 79' lang='grc'>(6)</span> <span class='ocrx_word' id='word_1_284' title='bbox 280 1374 373 1408; x_wconf 74' lang='lat' dir='ltr'>Quod</span> <span class='ocrx_word' id='word_1_285' title='bbox 398 1374 471 1405; x_wconf 86' lang='lat' dir='ltr'>ideo</span> <span class='ocrx_word' id='word_1_286' title='bbox 497 1374 628 1415; x_wconf 83' lang='lat' dir='ltr'>dignum</span> <span class='ocrx_word' id='word_1_287' title='bbox 654 1374 810 1411; x_wconf 64' lang='lat' dir='ltr'>ducimus,</span> <span class='ocrx_word' id='word_1_288' title='bbox 844 1379 878 1404; x_wconf 84' lang='lat' dir='ltr'>ut</span> <span class='ocrx_word' id='word_1_289' title='bbox 901 1375 926 1404; x_wconf 82' lang='lat' dir='ltr'>si</span> <span class='ocrx_word' id='word_1_290' title='bbox 953 1375 1198 1415; x_wconf 69' lang='lat' dir='ltr'>promissionem</span> <span class='ocrx_word' id='word_1_291' title='bbox 1226 1374 1288 1404; x_wconf 82' lang='lat' dir='ltr'>illic</span> <span class='ocrx_word' id='word_1_292' title='bbox 1313 1375 1430 1404; x_wconf 84' lang='lat' dir='ltr'>factam</span> <span class='ocrx_word' id='word_1_293' title='bbox 1457 1374 1486 1403; x_wconf 93' lang='lat' dir='ltr'>in</span> <span class='ocrx_word' id='word_1_294' title='bbox 1513 1373 1621 1412; x_wconf 87' lang='lat' dir='ltr'>aliquo</span> <span class='ocrx_word' id='word_1_295' title='bbox 1647 1382 1855 1413; x_wconf 86' lang='lat' dir='ltr'>corrumpere</span> 
     </span>
     <span class='ocr_line' id='line_1_27' title="bbox 204 1423 1855 1467; baseline -0.001 -12"><span class='ocrx_word' id='word_1_296' title='bbox 204 1427 506 1466; x_wconf 66' lang='lat' dir='ltr'>praesumserimus,</span> <span class='ocrx_word' id='word_1_297' title='bbox 526 1426 688 1456; x_wconf 83' lang='lat' dir='ltr'>mundano</span> <span class='ocrx_word' id='word_1_298' title='bbox 706 1430 738 1456; x_wconf 85' lang='lat' dir='ltr'>et</span> <span class='ocrx_word' id='word_1_299' title='bbox 756 1426 892 1467; x_wconf 81' lang='lat' dir='ltr'>spiritali</span> <span class='ocrx_word' id='word_1_300' title='bbox 910 1426 1027 1455; x_wconf 75' lang='lat' dir='ltr'>iudicio</span> <span class='ocrx_word' id='word_1_301' title='bbox 1043 1425 1216 1467; x_wconf 75' lang='lat' dir='ltr'>dupliciter</span> <span class='ocrx_word' id='word_1_302' title='bbox 1233 1425 1497 1456; x_wconf 78' lang='lat' dir='ltr'>condemnemur.</span> <span class='ocrx_word' id='word_1_303' title='bbox 1534 1423 1702 1454; x_wconf 70' lang='lat' dir='ltr'>Credimus</span> <span class='ocrx_word' id='word_1_304' title='bbox 1717 1434 1855 1464; x_wconf 80' lang='lat' dir='ltr'>namque</span> 
     </span>
     <span class='ocr_line' id='line_1_28' title="bbox 205 1475 1855 1518; baseline -0.002 -12"><span class='ocrx_word' id='word_1_305' title='bbox 205 1477 298 1507; x_wconf 84' lang='lat' dir='ltr'>istam</span> <span class='ocrx_word' id='word_1_306' title='bbox 325 1488 454 1508; x_wconf 77' lang='lat' dir='ltr'>eausam</span> <span class='ocrx_word' id='word_1_307' title='bbox 480 1488 503 1507; x_wconf 76' lang='lat' dir='ltr'>av</span> <span class='ocrx_word' id='word_1_308' title='bbox 524 1477 593 1507; x_wconf 88' lang='lat' dir='ltr'>Deo</span> <span class='ocrx_word' id='word_1_309' title='bbox 620 1477 712 1507; x_wconf 87' lang='lat' dir='ltr'>nobis</span> <span class='ocrx_word' id='word_1_310' title='bbox 744 1477 880 1507; x_wconf 79' lang='lat' dir='ltr'>coelitus</span> <span class='ocrx_word' id='word_1_311' title='bbox 913 1477 1100 1518; x_wconf 71' lang='lat' dir='ltr'>inspiratam</span> <span class='ocrx_word' id='word_1_312' title='bbox 1126 1477 1232 1507; x_wconf 86' lang='lat' dir='ltr'>divina</span> <span class='ocrx_word' id='word_1_313' title='bbox 1264 1477 1486 1517; x_wconf 73' lang='lat' dir='ltr'>opitulatione,</span> <span class='ocrx_word' id='word_1_314' title='bbox 1519 1476 1593 1516; x_wconf 85' lang='lat' dir='ltr'>quia</span> <span class='ocrx_word' id='word_1_315' title='bbox 1618 1475 1703 1516; x_wconf 86' lang='lat' dir='ltr'>apud</span> <span class='ocrx_word' id='word_1_316' title='bbox 1730 1486 1796 1512; x_wconf 83' lang='lat' dir='ltr'>nos,</span> <span class='ocrx_word' id='word_1_317' title='bbox 1821 1478 1855 1504; x_wconf 91' lang='lat' dir='ltr'>ut</span> 
     </span>
    </p>
   </div>
   <div class='ocr_carea' id='block_1_10' title="bbox 154 1527 1853 1570">
    <p class='ocr_par' dir='ltr' id='par_1_10' title="bbox 154 1527 1853 1570">
     <span class='ocr_line' id='line_1_29' title="bbox 154 1527 1853 1570; baseline -0.001 -13"><span class='ocrx_word' id='word_1_318' title='bbox 154 1540 173 1557; x_wconf 72' lang='lat'>2.</span> <span class='ocrx_word' id='word_1_319' title='bbox 207 1528 378 1563; x_wconf 78' lang='lat' dir='ltr'>credimus,</span> <span class='ocrx_word' id='word_1_320' title='bbox 410 1529 486 1559; x_wconf 91' lang='lat' dir='ltr'>nihil</span> <span class='ocrx_word' id='word_1_321' title='bbox 518 1529 590 1559; x_wconf 86' lang='lat' dir='ltr'>boni</span> <span class='ocrx_word' id='word_1_322' title='bbox 621 1529 789 1567; x_wconf 68' lang='lat' dir='ltr'>agebatur,</span> <span class='ocrx_word' id='word_1_323' title='bbox 823 1529 951 1570; x_wconf 86' lang='lat' dir='ltr'>quando</span> <span class='ocrx_word' id='word_1_324' title='bbox 983 1540 1001 1558; x_wconf 83' lang='lat' dir='ltr'>a</span> <span class='ocrx_word' id='word_1_325' title='bbox 1026 1528 1095 1558; x_wconf 81' lang='lat' dir='ltr'>Deo</span> <span class='ocrx_word' id='word_1_326' title='bbox 1121 1529 1240 1569; x_wconf 85' lang='lat' dir='ltr'>populo</span> <span class='ocrx_word' id='word_1_327' title='bbox 1270 1539 1326 1558; x_wconf 89' lang='lat' dir='ltr'>suo</span> <span class='ocrx_word' id='word_1_328' title='bbox 1361 1528 1551 1558; x_wconf 86' lang='lat' dir='ltr'>transmissa</span> <span class='ocrx_word' id='word_1_329' title='bbox 1577 1532 1635 1557; x_wconf 86' lang='lat' dir='ltr'>est.</span> <span class='ocrx_word' id='word_1_330' title='bbox 1683 1527 1853 1556; x_wconf 55' lang='lat' dir='ltr'>Domina-ai</span> 
     </span>
    </p>
   </div>
   <div class='ocr_carea' id='block_1_11' title="bbox 205 1577 1855 2032">
    <p class='ocr_par' dir='ltr' id='par_1_11' title="bbox 205 1577 1855 2032">
     <span class='ocr_line' id='line_1_30' title="bbox 205 1577 1849 1621; baseline -0.002 -11"><span class='ocrx_word' id='word_1_331' title='bbox 205 1581 314 1610; x_wconf 77' lang='lat' dir='ltr'>certeb</span> <span class='ocrx_word' id='word_1_332' title='bbox 349 1581 418 1610; x_wconf 84' lang='lat' dir='ltr'>dies</span> <span class='ocrx_word' id='word_1_333' title='bbox 451 1591 514 1610; x_wconf 89' lang='lat' dir='ltr'>uon</span> <span class='ocrx_word' id='word_1_334' title='bbox 548 1580 784 1613; x_wconf 77' lang='lat' dir='ltr'>celebrabatur,</span> <span class='ocrx_word' id='word_1_335' title='bbox 819 1581 873 1610; x_wconf 83' lang='lat' dir='ltr'>sed</span> <span class='ocrx_word' id='word_1_336' title='bbox 907 1585 1022 1610; x_wconf 78' lang='lat' dir='ltr'>cuneta</span> <span class='ocrx_word' id='word_1_337' title='bbox 1053 1581 1183 1610; x_wconf 77' lang='lat' dir='ltr'>servilia</span> <span class='ocrx_word' id='word_1_338' title='bbox 1212 1591 1311 1621; x_wconf 82' lang='lat' dir='ltr'>opera</span> <span class='ocrx_word' id='word_1_339' title='bbox 1341 1581 1371 1610; x_wconf 90' lang='lat' dir='ltr'>in</span> <span class='ocrx_word' id='word_1_340' title='bbox 1403 1590 1441 1610; x_wconf 90' lang='lat' dir='ltr'>ea</span> <span class='ocrx_word' id='word_1_341' title='bbox 1472 1579 1602 1609; x_wconf 84' lang='lat' dir='ltr'>tiebaut.</span> <span class='ocrx_word' id='word_1_342' title='bbox 1693 1580 1742 1618; x_wconf 53' lang='lat'>(7)</span> <span class='ocrx_word' id='word_1_343' title='bbox 1772 1577 1849 1607; x_wconf 83' lang='lat' dir='ltr'>Pro-</span> 
     </span>
     <span class='ocr_line' id='line_1_31' title="bbox 205 1630 1854 1673; baseline -0.001 -12"><span class='ocrx_word' id='word_1_344' title='bbox 205 1632 348 1662; x_wconf 84' lang='lat' dir='ltr'>misimus</span> <span class='ocrx_word' id='word_1_345' title='bbox 380 1632 488 1673; x_wconf 88' lang='lat' dir='ltr'>itaque</span> <span class='ocrx_word' id='word_1_346' title='bbox 513 1632 582 1662; x_wconf 85' lang='lat' dir='ltr'>Deo</span> <span class='ocrx_word' id='word_1_347' title='bbox 613 1643 649 1662; x_wconf 76' lang='lat' dir='ltr'>ae</span> <span class='ocrx_word' id='word_1_348' title='bbox 681 1632 870 1662; x_wconf 78' lang='lat' dir='ltr'>devovimus</span> <span class='ocrx_word' id='word_1_349' title='bbox 895 1632 1099 1673; x_wconf 82' lang='lat' dir='ltr'>quatriduum</span> <span class='ocrx_word' id='word_1_350' title='bbox 1132 1636 1165 1661; x_wconf 90' lang='lat' dir='ltr'>ut</span> <span class='ocrx_word' id='word_1_351' title='bbox 1190 1643 1287 1673; x_wconf 69' lang='lat' dir='ltr'>suprav</span> <span class='ocrx_word' id='word_1_352' title='bbox 1311 1632 1462 1667; x_wconf 65' lang='lat' dir='ltr'>diximus„</span> <span class='ocrx_word' id='word_1_353' title='bbox 1494 1635 1528 1660; x_wconf 91' lang='lat' dir='ltr'>ut</span> <span class='ocrx_word' id='word_1_354' title='bbox 1553 1631 1592 1662; x_wconf 70' lang='lat' dir='ltr'>V.</span> <span class='ocrx_word' id='word_1_355' title='bbox 1617 1630 1697 1660; x_wconf 85' lang='lat' dir='ltr'>feria</span> <span class='ocrx_word' id='word_1_356' title='bbox 1721 1634 1854 1670; x_wconf 83' lang='lat' dir='ltr'>propter</span> 
     </span>
     <span class='ocr_line' id='line_1_32' title="bbox 209 1682 1853 1725; baseline -0.001 -12"><span class='ocrx_word' id='word_1_357' title='bbox 209 1684 443 1719; x_wconf 70' lang='lat' dir='ltr'>ascensionem,</span> <span class='ocrx_word' id='word_1_358' title='bbox 469 1684 525 1715; x_wconf 80' lang='lat' dir='ltr'>Vl.</span> <span class='ocrx_word' id='word_1_359' title='bbox 552 1684 632 1714; x_wconf 86' lang='lat' dir='ltr'>feria</span> <span class='ocrx_word' id='word_1_360' title='bbox 656 1688 786 1725; x_wconf 86' lang='lat' dir='ltr'>propter</span> <span class='ocrx_word' id='word_1_361' title='bbox 805 1684 925 1714; x_wconf 65' lang='lat' dir='ltr'>(un-isti</span> <span class='ocrx_word' id='word_1_362' title='bbox 951 1684 1144 1724; x_wconf 82' lang='lat' dir='ltr'>passionem.</span> <span class='ocrx_word' id='word_1_363' title='bbox 1171 1683 1341 1714; x_wconf 80' lang='lat' dir='ltr'>sabbatum</span> <span class='ocrx_word' id='word_1_364' title='bbox 1366 1693 1422 1724; x_wconf 91' lang='lat' dir='ltr'>pro</span> <span class='ocrx_word' id='word_1_365' title='bbox 1442 1682 1648 1712; x_wconf 81' lang='lat' dir='ltr'>veneratione</span> <span class='ocrx_word' id='word_1_366' title='bbox 1667 1682 1853 1722; x_wconf 79' lang='lat' dir='ltr'>sepulturae</span> 
     </span>
     <span class='ocr_line' id='line_1_33' title="bbox 208 1733 1855 1774; baseline -0.001 -11"><span class='ocrx_word' id='word_1_367' title='bbox 208 1738 239 1764; x_wconf 87' lang='lat' dir='ltr'>et</span> <span class='ocrx_word' id='word_1_368' title='bbox 268 1738 301 1764; x_wconf 85' lang='lat' dir='ltr'>ut</span> <span class='ocrx_word' id='word_1_369' title='bbox 331 1734 492 1765; x_wconf 70' lang='lat' dir='ltr'>(lominica</span> <span class='ocrx_word' id='word_1_370' title='bbox 522 1736 715 1765; x_wconf 53' lang='lat' dir='ltr'>resurrectio</span> <span class='ocrx_word' id='word_1_371' title='bbox 747 1735 975 1765; x_wconf 78' lang='lat' dir='ltr'>inviolabiliter</span> <span class='ocrx_word' id='word_1_372' title='bbox 1005 1735 1224 1765; x_wconf 67' lang='lat' dir='ltr'>celebraretur</span> <span class='ocrx_word' id='word_1_373' title='bbox 1258 1735 1297 1764; x_wconf 84' lang='lat' dir='ltr'>ab</span> <span class='ocrx_word' id='word_1_374' title='bbox 1327 1735 1484 1767; x_wconf 71' lang='lat' dir='ltr'>omnibus,</span> <span class='ocrx_word' id='word_1_375' title='bbox 1520 1734 1626 1763; x_wconf 88' lang='lat' dir='ltr'>rurale</span> <span class='ocrx_word' id='word_1_376' title='bbox 1659 1744 1736 1774; x_wconf 83' lang='lat' dir='ltr'>opus</span> <span class='ocrx_word' id='word_1_377' title='bbox 1762 1733 1791 1762; x_wconf 91' lang='lat' dir='ltr'>in</span> <span class='ocrx_word' id='word_1_378' title='bbox 1818 1743 1855 1762; x_wconf 88' lang='lat' dir='ltr'>ea</span> 
     </span>
     <span class='ocr_line' id='line_1_34' title="bbox 209 1784 1853 1823; baseline -0.002 -7"><span class='ocrx_word' id='word_1_379' title='bbox 209 1787 336 1816; x_wconf 89' lang='lat' dir='ltr'>omnino</span> <span class='ocrx_word' id='word_1_380' title='bbox 367 1797 427 1816; x_wconf 89' lang='lat' dir='ltr'>non</span> <span class='ocrx_word' id='word_1_381' title='bbox 460 1787 562 1823; x_wconf 70' lang='lat' dir='ltr'>fieret,</span> <span class='ocrx_word' id='word_1_382' title='bbox 595 1788 741 1817; x_wconf 85' lang='lat' dir='ltr'>inimicus</span> <span class='ocrx_word' id='word_1_383' title='bbox 774 1787 935 1817; x_wconf 87' lang='lat' dir='ltr'>inimicum</span> <span class='ocrx_word' id='word_1_384' title='bbox 961 1798 1022 1816; x_wconf 80' lang='lat' dir='ltr'>non</span> <span class='ocrx_word' id='word_1_385' title='bbox 1049 1786 1244 1817; x_wconf 80' lang='lat' dir='ltr'>formidaret.</span> <span class='ocrx_word' id='word_1_386' title='bbox 1335 1788 1384 1823; x_wconf 77' lang='lat' dir='ltr'>(S)</span> <span class='ocrx_word' id='word_1_387' title='bbox 1419 1786 1602 1816; x_wconf 74' lang='lat' dir='ltr'>Secundum</span> <span class='ocrx_word' id='word_1_388' title='bbox 1629 1784 1853 1815; x_wconf 19' lang='lat' dir='ltr'>au‹r·t‹&#39;›ritatem</span> 
     </span>
     <span class='ocr_line' id='line_1_35' title="bbox 208 1837 1851 1880; baseline -0.001 -14"><span class='ocrx_word' id='word_1_389' title='bbox 208 1848 225 1866; x_wconf 85' lang='lat' dir='ltr'>a</span> <span class='ocrx_word' id='word_1_390' title='bbox 251 1837 319 1867; x_wconf 83' lang='lat' dir='ltr'>Deo</span> <span class='ocrx_word' id='word_1_391' title='bbox 346 1838 495 1868; x_wconf 86' lang='lat' dir='ltr'>collatam</span> <span class='ocrx_word' id='word_1_392' title='bbox 522 1843 553 1868; x_wconf 85' lang='lat' dir='ltr'>et</span> <span class='ocrx_word' id='word_1_393' title='bbox 578 1839 618 1868; x_wconf 86' lang='lat' dir='ltr'>ab</span> <span class='ocrx_word' id='word_1_394' title='bbox 643 1839 797 1880; x_wconf 85' lang='lat' dir='ltr'>apostolis</span> <span class='ocrx_word' id='word_1_395' title='bbox 823 1838 971 1868; x_wconf 84' lang='lat' dir='ltr'>traditam</span> <span class='ocrx_word' id='word_1_396' title='bbox 998 1849 1108 1868; x_wconf 82' lang='lat' dir='ltr'>omnes</span> <span class='ocrx_word' id='word_1_397' title='bbox 1134 1839 1186 1878; x_wconf 88' lang='lat' dir='ltr'>qui</span> <span class='ocrx_word' id='word_1_398' title='bbox 1212 1839 1293 1868; x_wconf 87' lang='lat' dir='ltr'>hanc</span> <span class='ocrx_word' id='word_1_399' title='bbox 1318 1849 1430 1879; x_wconf 87' lang='lat' dir='ltr'>pacem</span> <span class='ocrx_word' id='word_1_400' title='bbox 1457 1841 1488 1868; x_wconf 85' lang='lat' dir='ltr'>et</span> <span class='ocrx_word' id='word_1_401' title='bbox 1506 1837 1567 1867; x_wconf 87' lang='lat' dir='ltr'>Dei</span> <span class='ocrx_word' id='word_1_402' title='bbox 1594 1840 1739 1866; x_wconf 77' lang='lat' dir='ltr'>treuvam</span> <span class='ocrx_word' id='word_1_403' title='bbox 1764 1846 1851 1865; x_wconf 85' lang='lat' dir='ltr'>ama-</span> 
     </span>
     <span class='ocr_line' id='line_1_36' title="bbox 208 1888 1849 1930; baseline -0.001 -12"><span class='ocrx_word' id='word_1_404' title='bbox 208 1890 314 1919; x_wconf 84' lang='lat' dir='ltr'>verint</span> <span class='ocrx_word' id='word_1_405' title='bbox 338 1889 559 1920; x_wconf 75' lang='lat' dir='ltr'>benedicimus</span> <span class='ocrx_word' id='word_1_406' title='bbox 586 1894 617 1920; x_wconf 80' lang='lat' dir='ltr'>et</span> <span class='ocrx_word' id='word_1_407' title='bbox 641 1890 849 1927; x_wconf 64' lang='lat' dir='ltr'>absolvimus,</span> <span class='ocrx_word' id='word_1_408' title='bbox 879 1891 961 1920; x_wconf 80' lang='lat' dir='ltr'>sicut</span> <span class='ocrx_word' id='word_1_409' title='bbox 994 1890 1143 1930; x_wconf 79' lang='lat' dir='ltr'>superius</span> <span class='ocrx_word' id='word_1_410' title='bbox 1177 1889 1295 1919; x_wconf 81' lang='lat' dir='ltr'>dictum</span> <span class='ocrx_word' id='word_1_411' title='bbox 1322 1893 1384 1922; x_wconf 82' lang='lat' dir='ltr'>est:</span> <span class='ocrx_word' id='word_1_412' title='bbox 1417 1889 1488 1919; x_wconf 84' lang='lat' dir='ltr'>illos</span> <span class='ocrx_word' id='word_1_413' title='bbox 1512 1892 1621 1918; x_wconf 82' lang='lat' dir='ltr'>autem</span> <span class='ocrx_word' id='word_1_414' title='bbox 1647 1888 1699 1928; x_wconf 89' lang='lat' dir='ltr'>qui</span> <span class='ocrx_word' id='word_1_415' title='bbox 1725 1892 1849 1917; x_wconf 78' lang='lat' dir='ltr'>contra-</span> 
     </span>
     <span class='ocr_line' id='line_1_37' title="bbox 211 1939 1854 1979; baseline -0.001 -10"><span class='ocrx_word' id='word_1_416' title='bbox 211 1940 320 1970; x_wconf 80' lang='lat' dir='ltr'>dicunt</span> <span class='ocrx_word' id='word_1_417' title='bbox 361 1942 691 1979; x_wconf 49' lang='lat' dir='ltr'>excommunieamus5</span> <span class='ocrx_word' id='word_1_418' title='bbox 731 1941 952 1971; x_wconf 67' lang='lat' dir='ltr'>maledicimus</span> <span class='ocrx_word' id='word_1_419' title='bbox 995 1945 1026 1970; x_wconf 82' lang='lat' dir='ltr'>ot</span> <span class='ocrx_word' id='word_1_420' title='bbox 1059 1941 1370 1970; x_wconf 81' lang='lat' dir='ltr'>anathematizamus</span> <span class='ocrx_word' id='word_1_421' title='bbox 1405 1945 1436 1970; x_wconf 90' lang='lat' dir='ltr'>et</span> <span class='ocrx_word' id='word_1_422' title='bbox 1470 1951 1488 1969; x_wconf 87' lang='lat' dir='ltr'>a</span> <span class='ocrx_word' id='word_1_423' title='bbox 1525 1939 1688 1969; x_wconf 77' lang='lat' dir='ltr'>liminibus</span> <span class='ocrx_word' id='word_1_424' title='bbox 1723 1942 1854 1968; x_wconf 76' lang='lat' dir='ltr'>sanetae</span> 
     </span>
     <span class='ocr_line' id='line_1_38' title="bbox 209 1990 1851 2032; baseline -0.002 -11"><span class='ocrx_word' id='word_1_425' title='bbox 209 1993 319 2022; x_wconf 83' lang='lat' dir='ltr'>matris</span> <span class='ocrx_word' id='word_1_426' title='bbox 344 1993 502 2022; x_wconf 83' lang='lat' dir='ltr'>eeclesiae</span> <span class='ocrx_word' id='word_1_427' title='bbox 528 1993 740 2023; x_wconf 79' lang='lat' dir='ltr'>eliminamus.</span> <span class='ocrx_word' id='word_1_428' title='bbox 833 1995 877 2031; x_wconf 63' lang='lat'>(9)</span> <span class='ocrx_word' id='word_1_429' title='bbox 904 1992 984 2023; x_wconf 73' lang='lat' dir='ltr'>Cum</span> <span class='ocrx_word' id='word_1_430' title='bbox 1003 1996 1111 2022; x_wconf 81' lang='lat' dir='ltr'>autem</span> <span class='ocrx_word' id='word_1_431' title='bbox 1130 1992 1276 2022; x_wconf 77' lang='lat' dir='ltr'>evenerit</span> <span class='ocrx_word' id='word_1_432' title='bbox 1300 1992 1449 2032; x_wconf 71' lang='lat' dir='ltr'>cuiquam</span> <span class='ocrx_word' id='word_1_433' title='bbox 1468 1991 1632 2021; x_wconf 74' lang='lat' dir='ltr'>vindicare</span> <span class='ocrx_word' id='word_1_434' title='bbox 1660 1991 1688 2019; x_wconf 91' lang='lat' dir='ltr'>in</span> <span class='ocrx_word' id='word_1_435' title='bbox 1709 2001 1774 2023; x_wconf 76' lang='lat' dir='ltr'>eos,</span> <span class='ocrx_word' id='word_1_436' title='bbox 1800 1990 1851 2029; x_wconf 83' lang='lat' dir='ltr'>qui</span> 
     </span>
    </p>
   </div>
   <div class='ocr_carea' id='block_1_12' title="bbox 176 2041 1851 2085">
    <p class='ocr_par' dir='ltr' id='par_1_12' title="bbox 176 2041 1851 2085">
     <span class='ocr_line' id='line_1_39' title="bbox 176 2041 1851 2085; baseline -0.002 -12"><span class='ocrx_word' id='word_1_437' title='bbox 176 2063 179 2072; x_wconf 84' lang='lat'><em>.</em></span> <span class='ocrx_word' id='word_1_438' title='bbox 209 2043 290 2073; x_wconf 86' lang='lat' dir='ltr'>hane</span> <span class='ocrx_word' id='word_1_439' title='bbox 315 2047 436 2074; x_wconf 80' lang='lat' dir='ltr'>cartam</span> <span class='ocrx_word' id='word_1_440' title='bbox 463 2048 494 2074; x_wconf 86' lang='lat' dir='ltr'>et</span> <span class='ocrx_word' id='word_1_441' title='bbox 519 2044 577 2074; x_wconf 89' lang='lat' dir='ltr'>Dei</span> <span class='ocrx_word' id='word_1_442' title='bbox 604 2048 749 2074; x_wconf 86' lang='lat' dir='ltr'>treuvam</span> <span class='ocrx_word' id='word_1_443' title='bbox 784 2045 960 2085; x_wconf 85' lang='lat' dir='ltr'>irrumpere</span> <span class='ocrx_word' id='word_1_444' title='bbox 986 2044 1247 2084; x_wconf 72' lang='lat' dir='ltr'>praesumserint,</span> <span class='ocrx_word' id='word_1_445' title='bbox 1279 2044 1479 2073; x_wconf 78' lang='lat' dir='ltr'>vindicantes</span> <span class='ocrx_word' id='word_1_446' title='bbox 1506 2043 1583 2073; x_wconf 90' lang='lat' dir='ltr'>nulli</span> <span class='ocrx_word' id='word_1_447' title='bbox 1610 2042 1724 2082; x_wconf 82' lang='lat' dir='ltr'>culpae</span> <span class='ocrx_word' id='word_1_448' title='bbox 1750 2041 1851 2070; x_wconf 85' lang='lat' dir='ltr'>habe-</span> 
     </span>
    </p>
   </div>
   <div class='ocr_carea' id='block_1_13' title="bbox 207 2092 1855 2546">
    <p class='ocr_par' dir='ltr' id='par_1_13' title="bbox 207 2092 1855 2546">
     <span class='ocr_line' id='line_1_40' title="bbox 209 2092 1855 2133; baseline -0.002 -9"><span class='ocrx_word' id='word_1_449' title='bbox 209 2098 303 2125; x_wconf 88' lang='lat' dir='ltr'>antur</span> <span class='ocrx_word' id='word_1_450' title='bbox 328 2095 470 2133; x_wconf 74' lang='lat' dir='ltr'>obnoxii,</span> <span class='ocrx_word' id='word_1_451' title='bbox 496 2096 552 2125; x_wconf 84' lang='lat' dir='ltr'>sed</span> <span class='ocrx_word' id='word_1_452' title='bbox 578 2096 661 2125; x_wconf 85' lang='lat' dir='ltr'>sicut</span> <span class='ocrx_word' id='word_1_453' title='bbox 686 2096 826 2126; x_wconf 82' lang='lat' dir='ltr'>cultores</span> <span class='ocrx_word' id='word_1_454' title='bbox 852 2106 970 2126; x_wconf 81' lang='lat' dir='ltr'>causae</span> <span class='ocrx_word' id='word_1_455' title='bbox 999 2095 1056 2125; x_wconf 76' lang='lat' dir='ltr'>Dei</span> <span class='ocrx_word' id='word_1_456' title='bbox 1082 2095 1122 2125; x_wconf 88' lang='lat' dir='ltr'>ab</span> <span class='ocrx_word' id='word_1_457' title='bbox 1148 2095 1296 2125; x_wconf 83' lang='lat' dir='ltr'>omnibus</span> <span class='ocrx_word' id='word_1_458' title='bbox 1322 2094 1505 2124; x_wconf 82' lang='lat' dir='ltr'>christianis</span> <span class='ocrx_word' id='word_1_459' title='bbox 1531 2098 1650 2124; x_wconf 77' lang='lat' dir='ltr'>exeant</span> <span class='ocrx_word' id='word_1_460' title='bbox 1673 2097 1704 2122; x_wconf 87' lang='lat' dir='ltr'>et</span> <span class='ocrx_word' id='word_1_461' title='bbox 1722 2092 1855 2122; x_wconf 85' lang='lat' dir='ltr'>redeant</span> 
     </span>
     <span class='ocr_line' id='line_1_41' title="bbox 207 2144 1853 2187; baseline -0.001 -12"><span class='ocrx_word' id='word_1_462' title='bbox 207 2145 382 2176; x_wconf 85' lang='lat' dir='ltr'>benedicti.</span> <span class='ocrx_word' id='word_1_463' title='bbox 430 2146 462 2176; x_wconf 80' lang='lat' dir='ltr'>Si</span> <span class='ocrx_word' id='word_1_464' title='bbox 490 2157 564 2176; x_wconf 76' lang='lat' dir='ltr'>vero</span> <span class='ocrx_word' id='word_1_465' title='bbox 589 2147 726 2177; x_wconf 81' lang='lat' dir='ltr'>residuis</span> <span class='ocrx_word' id='word_1_466' title='bbox 751 2147 866 2177; x_wconf 74' lang='lat' dir='ltr'>diebus</span> <span class='ocrx_word' id='word_1_467' title='bbox 891 2147 1012 2187; x_wconf 83' lang='lat' dir='ltr'>aliquid</span> <span class='ocrx_word' id='word_1_468' title='bbox 1038 2147 1200 2176; x_wconf 84' lang='lat' dir='ltr'>sublatum</span> <span class='ocrx_word' id='word_1_469' title='bbox 1226 2147 1322 2177; x_wconf 81' lang='lat' dir='ltr'>fuerit</span> <span class='ocrx_word' id='word_1_470' title='bbox 1347 2150 1379 2176; x_wconf 85' lang='lat' dir='ltr'>ct</span> <span class='ocrx_word' id='word_1_471' title='bbox 1405 2147 1435 2176; x_wconf 88' lang='lat' dir='ltr'>in</span> <span class='ocrx_word' id='word_1_472' title='bbox 1459 2146 1573 2176; x_wconf 83' lang='lat' dir='ltr'>diebus</span> <span class='ocrx_word' id='word_1_473' title='bbox 1592 2149 1724 2175; x_wconf 83' lang='lat' dir='ltr'>treuvae</span> <span class='ocrx_word' id='word_1_474' title='bbox 1743 2144 1853 2174; x_wconf 87' lang='lat' dir='ltr'>obvia-</span> 
     </span>
     <span class='ocr_line' id='line_1_42' title="bbox 209 2197 1853 2236; baseline -0.001 -9"><span class='ocrx_word' id='word_1_475' title='bbox 209 2198 300 2231; x_wconf 79' lang='lat' dir='ltr'>verit.</span> <span class='ocrx_word' id='word_1_476' title='bbox 326 2197 455 2228; x_wconf 88' lang='lat' dir='ltr'>omnino</span> <span class='ocrx_word' id='word_1_477' title='bbox 476 2209 537 2228; x_wconf 89' lang='lat' dir='ltr'>non</span> <span class='ocrx_word' id='word_1_478' title='bbox 558 2202 715 2235; x_wconf 50' lang='lat' dir='ltr'>teneatur5</span> <span class='ocrx_word' id='word_1_479' title='bbox 734 2210 773 2228; x_wconf 86' lang='lat' dir='ltr'>nc</span> <span class='ocrx_word' id='word_1_480' title='bbox 792 2199 918 2228; x_wconf 80' lang='lat' dir='ltr'>occasio</span> <span class='ocrx_word' id='word_1_481' title='bbox 936 2199 1064 2228; x_wconf 85' lang='lat' dir='ltr'>inimico</span> <span class='ocrx_word' id='word_1_482' title='bbox 1082 2198 1158 2228; x_wconf 87' lang='lat' dir='ltr'>data</span> <span class='ocrx_word' id='word_1_483' title='bbox 1176 2198 1332 2228; x_wconf 76' lang='lat' dir='ltr'>videatur.</span> <span class='ocrx_word' id='word_1_484' title='bbox 1418 2198 1485 2234; x_wconf 79' lang='lat' dir='ltr'>(lo)</span> <span class='ocrx_word' id='word_1_485' title='bbox 1510 2198 1686 2227; x_wconf 85' lang='lat' dir='ltr'>Praeterea</span> <span class='ocrx_word' id='word_1_486' title='bbox 1704 2206 1853 2236; x_wconf 70' lang='lat' dir='ltr'>wganms</span> 
     </span>
     <span class='ocr_line' id='line_1_43' title="bbox 208 2247 1852 2291; baseline -0.001 -13"><span class='ocrx_word' id='word_1_487' title='bbox 208 2259 263 2278; x_wconf 83' lang='lat' dir='ltr'>vos</span> <span class='ocrx_word' id='word_1_488' title='bbox 289 2249 415 2286; x_wconf 60' lang='lat' dir='ltr'>fratres„</span> <span class='ocrx_word' id='word_1_489' title='bbox 448 2254 481 2280; x_wconf 90' lang='lat' dir='ltr'>ut</span> <span class='ocrx_word' id='word_1_490' title='bbox 513 2250 543 2279; x_wconf 95' lang='lat' dir='ltr'>in</span> <span class='ocrx_word' id='word_1_491' title='bbox 568 2260 770 2291; x_wconf 82' lang='lat' dir='ltr'>quacumque</span> <span class='ocrx_word' id='word_1_492' title='bbox 795 2250 845 2280; x_wconf 87' lang='lat' dir='ltr'>die</span> <span class='ocrx_word' id='word_1_493' title='bbox 875 2252 958 2291; x_wconf 85' lang='lat' dir='ltr'>apud</span> <span class='ocrx_word' id='word_1_494' title='bbox 984 2261 1041 2280; x_wconf 73' lang='lat' dir='ltr'>vos</span> <span class='ocrx_word' id='word_1_495' title='bbox 1073 2250 1238 2291; x_wconf 80' lang='lat' dir='ltr'>praedicta</span> <span class='ocrx_word' id='word_1_496' title='bbox 1263 2261 1326 2290; x_wconf 85' lang='lat' dir='ltr'>pax</span> <span class='ocrx_word' id='word_1_497' title='bbox 1352 2254 1383 2279; x_wconf 78' lang='lat' dir='ltr'>et</span> <span class='ocrx_word' id='word_1_498' title='bbox 1408 2254 1520 2279; x_wconf 87' lang='lat' dir='ltr'>treuva</span> <span class='ocrx_word' id='word_1_499' title='bbox 1545 2249 1721 2278; x_wconf 69' lang='lat' dir='ltr'>ccmstituta</span> <span class='ocrx_word' id='word_1_500' title='bbox 1746 2247 1852 2281; x_wconf 69' lang='lat' dir='ltr'>fuerit,</span> 
     </span>
     <span class='ocr_line' id='line_1_44' title="bbox 210 2297 1852 2341; baseline -0.002 -12"><span class='ocrx_word' id='word_1_501' title='bbox 210 2300 312 2341; x_wconf 86' lang='lat' dir='ltr'>ipsum</span> <span class='ocrx_word' id='word_1_502' title='bbox 338 2301 421 2331; x_wconf 89' lang='lat' dir='ltr'>diem</span> <span class='ocrx_word' id='word_1_503' title='bbox 455 2301 570 2331; x_wconf 83' lang='lat' dir='ltr'>devote</span> <span class='ocrx_word' id='word_1_504' title='bbox 605 2301 754 2331; x_wconf 85' lang='lat' dir='ltr'>recolatis</span> <span class='ocrx_word' id='word_1_505' title='bbox 779 2303 810 2332; x_wconf 87' lang='lat' dir='ltr'>in</span> <span class='ocrx_word' id='word_1_506' title='bbox 842 2303 967 2332; x_wconf 81' lang='lat' dir='ltr'>nomine</span> <span class='ocrx_word' id='word_1_507' title='bbox 1002 2306 1134 2331; x_wconf 66' lang='lat' dir='ltr'>sanetae</span> <span class='ocrx_word' id='word_1_508' title='bbox 1159 2301 1337 2331; x_wconf 79' lang='lat' dir='ltr'>Trinitatis.</span> <span class='ocrx_word' id='word_1_509' title='bbox 1385 2301 1544 2331; x_wconf 70' lang='lat' dir='ltr'>Latrones</span> <span class='ocrx_word' id='word_1_510' title='bbox 1570 2309 1788 2340; x_wconf 68' lang='lat' dir='ltr'>quoscumque</span> <span class='ocrx_word' id='word_1_511' title='bbox 1814 2297 1852 2327; x_wconf 80' lang='lat' dir='ltr'>de</span> 
     </span>
     <span class='ocr_line' id='line_1_45' title="bbox 209 2350 1853 2393; baseline -0.001 -12"><span class='ocrx_word' id='word_1_512' title='bbox 209 2356 317 2382; x_wconf 83' lang='lat' dir='ltr'>vestra</span> <span class='ocrx_word' id='word_1_513' title='bbox 343 2353 474 2393; x_wconf 84' lang='lat' dir='ltr'>regione.</span> <span class='ocrx_word' id='word_1_514' title='bbox 500 2353 636 2383; x_wconf 81' lang='lat' dir='ltr'>eiiciatis</span> <span class='ocrx_word' id='word_1_515' title='bbox 655 2356 686 2383; x_wconf 86' lang='lat' dir='ltr'>et</span> <span class='ocrx_word' id='word_1_516' title='bbox 704 2353 944 2390; x_wconf 62' lang='lat' dir='ltr'>abominemini,</span> <span class='ocrx_word' id='word_1_517' title='bbox 970 2353 1170 2383; x_wconf 80' lang='lat' dir='ltr'>maledicatis</span> <span class='ocrx_word' id='word_1_518' title='bbox 1188 2357 1219 2383; x_wconf 85' lang='lat' dir='ltr'>et</span> <span class='ocrx_word' id='word_1_519' title='bbox 1237 2353 1527 2383; x_wconf 64' lang='lat' dir='ltr'>excommunicetis</span> <span class='ocrx_word' id='word_1_520' title='bbox 1546 2362 1584 2381; x_wconf 79' lang='lat' dir='ltr'>ex</span> <span class='ocrx_word' id='word_1_521' title='bbox 1605 2355 1695 2392; x_wconf 87' lang='lat' dir='ltr'>parte</span> <span class='ocrx_word' id='word_1_522' title='bbox 1713 2350 1853 2379; x_wconf 88' lang='lat' dir='ltr'>onmium</span> 
     </span>
     <span class='ocr_line' id='line_1_46' title="bbox 209 2400 1854 2445; baseline -0.002 -12"><span class='ocrx_word' id='word_1_523' title='bbox 209 2407 393 2433; x_wconf 83' lang='lat' dir='ltr'>sanctorum</span> <span class='ocrx_word' id='word_1_524' title='bbox 419 2404 472 2444; x_wconf 88' lang='lat' dir='ltr'>qui</span> <span class='ocrx_word' id='word_1_525' title='bbox 498 2405 706 2445; x_wconf 78' lang='lat' dir='ltr'>suprascripti</span> <span class='ocrx_word' id='word_1_526' title='bbox 727 2409 810 2435; x_wconf 84' lang='lat' dir='ltr'>sunt.</span> <span class='ocrx_word' id='word_1_527' title='bbox 900 2408 926 2444; x_wconf 57' lang='lat' dir='ltr'>tl</span> <span class='ocrx_word' id='word_1_528' title='bbox 942 2408 970 2443; x_wconf 86' lang='lat' dir='ltr'>l)</span> <span class='ocrx_word' id='word_1_529' title='bbox 997 2405 1148 2435; x_wconf 83' lang='lat' dir='ltr'>Decimas</span> <span class='ocrx_word' id='word_1_530' title='bbox 1168 2415 1243 2434; x_wconf 85' lang='lat' dir='ltr'>vero</span> <span class='ocrx_word' id='word_1_531' title='bbox 1263 2409 1386 2435; x_wconf 79' lang='lat' dir='ltr'>vestras</span> <span class='ocrx_word' id='word_1_532' title='bbox 1405 2408 1436 2434; x_wconf 92' lang='lat' dir='ltr'>et</span> <span class='ocrx_word' id='word_1_533' title='bbox 1455 2403 1611 2444; x_wconf 83' lang='lat' dir='ltr'>primitias</span> <span class='ocrx_word' id='word_1_534' title='bbox 1634 2402 1672 2431; x_wconf 89' lang='lat' dir='ltr'>de</span> <span class='ocrx_word' id='word_1_535' title='bbox 1691 2400 1854 2430; x_wconf 78' lang='lat' dir='ltr'>laboribus</span> 
     </span>
     <span class='ocr_line' id='line_1_47' title="bbox 209 2453 1852 2498; baseline -0.002 -14"><span class='ocrx_word' id='word_1_536' title='bbox 209 2455 323 2498; x_wconf 81' lang='lat' dir='ltr'>vestris</span> <span class='ocrx_word' id='word_1_537' title='bbox 348 2455 418 2485; x_wconf 80' lang='lat' dir='ltr'>Deo</span> <span class='ocrx_word' id='word_1_538' title='bbox 449 2455 602 2491; x_wconf 71' lang='lat' dir='ltr'>offeratis,</span> <span class='ocrx_word' id='word_1_539' title='bbox 633 2455 672 2486; x_wconf 89' lang='lat' dir='ltr'>de</span> <span class='ocrx_word' id='word_1_540' title='bbox 702 2456 793 2486; x_wconf 86' lang='lat' dir='ltr'>bonis</span> <span class='ocrx_word' id='word_1_541' title='bbox 820 2457 933 2486; x_wconf 80' lang='lat' dir='ltr'>vestris</span> <span class='ocrx_word' id='word_1_542' title='bbox 963 2456 1002 2487; x_wconf 90' lang='lat' dir='ltr'>ad</span> <span class='ocrx_word' id='word_1_543' title='bbox 1035 2456 1402 2497; x_wconf 24' lang='lat' dir='ltr'>ecelesias*deportetis</span> <span class='ocrx_word' id='word_1_544' title='bbox 1435 2466 1489 2496; x_wconf 84' lang='lat' dir='ltr'>pro</span> <span class='ocrx_word' id='word_1_545' title='bbox 1522 2454 1625 2483; x_wconf 80' lang='lat' dir='ltr'>salute</span> <span class='ocrx_word' id='word_1_546' title='bbox 1651 2453 1795 2482; x_wconf 86' lang='lat' dir='ltr'>vivorum</span> <span class='ocrx_word' id='word_1_547' title='bbox 1821 2456 1852 2481; x_wconf 87' lang='lat' dir='ltr'>et</span> 
     </span>
     <span class='ocr_line' id='line_1_48' title="bbox 208 2503 1851 2546; baseline -0.002 -10"><span class='ocrx_word' id='word_1_548' title='bbox 208 2506 441 2541; x_wconf 74' lang='lat' dir='ltr'>defunctorum,</span> <span class='ocrx_word' id='word_1_549' title='bbox 474 2511 509 2537; x_wconf 89' lang='lat' dir='ltr'>ut</span> <span class='ocrx_word' id='word_1_550' title='bbox 533 2507 622 2537; x_wconf 79' lang='lat' dir='ltr'>Deus</span> <span class='ocrx_word' id='word_1_551' title='bbox 649 2518 702 2538; x_wconf 84' lang='lat' dir='ltr'>vos</span> <span class='ocrx_word' id='word_1_552' title='bbox 732 2508 848 2538; x_wconf 85' lang='lat' dir='ltr'>liberet</span> <span class='ocrx_word' id='word_1_553' title='bbox 879 2509 918 2538; x_wconf 87' lang='lat' dir='ltr'>ab</span> <span class='ocrx_word' id='word_1_554' title='bbox 950 2508 1098 2538; x_wconf 78' lang='lat' dir='ltr'>omnibus</span> <span class='ocrx_word' id='word_1_555' title='bbox 1131 2508 1223 2537; x_wconf 80' lang='lat' dir='ltr'>malis</span> <span class='ocrx_word' id='word_1_556' title='bbox 1254 2508 1284 2537; x_wconf 92' lang='lat' dir='ltr'>in</span> <span class='ocrx_word' id='word_1_557' title='bbox 1311 2507 1368 2537; x_wconf 72' lang='lat' dir='ltr'>hae</span> <span class='ocrx_word' id='word_1_558' title='bbox 1394 2507 1457 2536; x_wconf 82' lang='lat' dir='ltr'>vita</span> <span class='ocrx_word' id='word_1_559' title='bbox 1489 2510 1520 2535; x_wconf 73' lang='lat' dir='ltr'>et</span> <span class='ocrx_word' id='word_1_560' title='bbox 1552 2508 1623 2546; x_wconf 84' lang='lat' dir='ltr'>post</span> <span class='ocrx_word' id='word_1_561' title='bbox 1648 2504 1729 2533; x_wconf 83' lang='lat' dir='ltr'>hanc</span> <span class='ocrx_word' id='word_1_562' title='bbox 1755 2503 1851 2532; x_wconf 80' lang='lat' dir='ltr'>vitam</span> 
     </span>
    </p>
   </div>
   <div class='ocr_carea' id='block_1_14' title="bbox 171 2556 1854 2600">
    <p class='ocr_par' dir='ltr' id='par_1_14' title="bbox 171 2556 1854 2600">
     <span class='ocr_line' id='line_1_49' title="bbox 171 2556 1854 2600; baseline -0.002 -14"><span class='ocrx_word' id='word_1_563' title='bbox 171 2571 179 2586; x_wconf 68' lang='grc' dir='ltr'>ε.</span> <span class='ocrx_word' id='word_1_564' title='bbox 208 2557 362 2597; x_wconf 86' lang='lat' dir='ltr'>perducat</span> <span class='ocrx_word' id='word_1_565' title='bbox 386 2568 442 2588; x_wconf 89' lang='lat' dir='ltr'>vos</span> <span class='ocrx_word' id='word_1_566' title='bbox 468 2559 507 2589; x_wconf 90' lang='lat' dir='ltr'>ad</span> <span class='ocrx_word' id='word_1_567' title='bbox 533 2569 633 2599; x_wconf 80' lang='lat' dir='ltr'>regna</span> <span class='ocrx_word' id='word_1_568' title='bbox 657 2560 828 2595; x_wconf 55' lang='lat' dir='ltr'>coelorumq</span> <span class='ocrx_word' id='word_1_569' title='bbox 854 2561 905 2600; x_wconf 90' lang='lat' dir='ltr'>qui</span> <span class='ocrx_word' id='word_1_570' title='bbox 931 2571 1001 2590; x_wconf 88' lang='lat' dir='ltr'>cum</span> <span class='ocrx_word' id='word_1_571' title='bbox 1028 2559 1099 2589; x_wconf 88' lang='lat' dir='ltr'>Deo</span> <span class='ocrx_word' id='word_1_572' title='bbox 1124 2559 1221 2589; x_wconf 84' lang='lat' dir='ltr'>Patre</span> <span class='ocrx_word' id='word_1_573' title='bbox 1247 2562 1279 2588; x_wconf 85' lang='lat' dir='ltr'>et</span> <span class='ocrx_word' id='word_1_574' title='bbox 1304 2558 1423 2598; x_wconf 79' lang='lat' dir='ltr'>Spiritu</span> <span class='ocrx_word' id='word_1_575' title='bbox 1450 2560 1561 2588; x_wconf 79' lang='lat' dir='ltr'>saneto</span> <span class='ocrx_word' id='word_1_576' title='bbox 1584 2556 1659 2585; x_wconf 87' lang='lat' dir='ltr'>vivit</span> <span class='ocrx_word' id='word_1_577' title='bbox 1683 2559 1715 2584; x_wconf 84' lang='lat' dir='ltr'>et</span> <span class='ocrx_word' id='word_1_578' title='bbox 1740 2558 1854 2593; x_wconf 82' lang='lat' dir='ltr'>regnat</span> 
     </span>
    </p>
   </div>
   <div class='ocr_carea' id='block_1_15' title="bbox 208 2608 1065 2650">
    <p class='ocr_par' dir='ltr' id='par_1_15' title="bbox 208 2608 1065 2650">
     <span class='ocr_line' id='line_1_50' title="bbox 208 2608 1065 2650; baseline 0.005 -12"><span class='ocrx_word' id='word_1_579' title='bbox 208 2608 298 2638; x_wconf 78' lang='lat' dir='ltr'>Deus</span> <span class='ocrx_word' id='word_1_580' title='bbox 323 2620 381 2650; x_wconf 86' lang='lat' dir='ltr'>per</span> <span class='ocrx_word' id='word_1_581' title='bbox 404 2611 511 2640; x_wconf 86' lang='lat' dir='ltr'>omnia</span> <span class='ocrx_word' id='word_1_582' title='bbox 534 2611 664 2641; x_wconf 81' lang='lat' dir='ltr'>saecula</span> <span class='ocrx_word' id='word_1_583' title='bbox 689 2611 902 2642; x_wconf 79' lang='lat' dir='ltr'>saeculorum.</span> <span class='ocrx_word' id='word_1_584' title='bbox 950 2612 1065 2642; x_wconf 82' lang='lat' dir='ltr'>Amen.</span> 
     </span>
    </p>
   </div>
   <div class='ocr_carea' id='block_1_16' title="bbox 311 2693 852 2725">
    <p class='ocr_par' dir='ltr' id='par_1_16' title="bbox 311 2693 852 2725">
     <span class='ocr_line' id='line_1_51' title="bbox 311 2693 852 2725; baseline 0.004 -6"><span class='ocrx_word' id='word_1_585' title='bbox 311 2693 375 2720; x_wconf 67' lang='lat'>419.</span> <span class='ocrx_word' id='word_1_586' title='bbox 400 2699 423 2720; x_wconf 59' lang='lat' dir='ltr'>a)</span> <span class='ocrx_word' id='word_1_587' title='bbox 443 2697 538 2720; x_wconf 78' lang='lat' dir='ltr'>sciente</span> <span class='ocrx_word' id='word_1_588' title='bbox 557 2697 593 2720; x_wconf 70' lang='lat' dir='ltr'>ecl.</span> <span class='ocrx_word' id='word_1_589' title='bbox 686 2698 708 2725; x_wconf 79' lang='lat' dir='ltr'>b)</span> <span class='ocrx_word' id='word_1_590' title='bbox 729 2701 796 2721; x_wconf 78' lang='lat' dir='ltr'>certa</span> <span class='ocrx_word' id='word_1_591' title='bbox 815 2698 852 2721; x_wconf 78' lang='lat' dir='ltr'>ecl.</span> 
     </span>
    </p>
   </div>
  </div>
 </body>
</html>
