2205 3072
361 144 415 181 12ᾖο
768 142 929 168 HEINRICI
949 142 994 167 IV.
1015 142 1337 168 CONSTlTU'I'IONES.
1378 143 1448 168 1106.
1487 142 1587 168 N1278.

726 252 779 284 78.
808 253 1028 285 EPISTOLA
1057 254 1324 285 SAXONIBNS
1347 253 1498 285 r'lIlSSA.
1537 253 1630 292 (Ital.)

462 313 499 342 Et
524 314 622 351 ipsam
645 314 755 343 (lamus
779 314 944 344 sccemdmn
967 314 1129 344 adltioncm
1153 314 1246 351 Iafflfa‘
1272 315 1303 343 in,
1329 313 1531 344 ‘Bibliotlmra
1554 323 1613 343 νυν.
1642 313 1800 344 sternutus
1830 312 1863 347 V,
1883 313 1996 350 21.:3():3

357 374 404 395 nr.
425 366 464 394 12
486 376 523 394 ω’
554 366 580 398 l)
606 364 702 394 codice
726 365 779 395 lat.
805 365 990 395 Mmmccnsi
1007 367 1110 394 Hono*
1134 365 1181 401 (S.
1199 365 1332 395 Emmcr.
1351 366 1406 404 90)
1430 375 1505 394 saar.
1527 363 1609 394 XII.
1634 363 1689 402 fol.
1708 365 1786 397 123:
1809 362 1842 399 2)
1866 363 1997 393 editione

360 415 506 445 (Jltrom‘ci
529 415 711 446 Ethelum-di
734 415 788 446 Ss'.
814 416 956 451 VL2311.
1003 416 1036 446 E
1056 416 1153 446 codice
1177 416 1362 447 Illomcthsi
1385 415 1468 446 dedis
1492 415 1668 446 Aventinus
1692 415 1711 445 l.
1734 426 1767 451 6.,
1791 425 1879 453 quem
1902 415 1996 445 secuti

356 469 428 497 saul
458 467 610 498 l'rslisius
633 468 660 505 L
678 469 748 505 3125»,
775 468 906 499 (J'oldast
930 468 956 504 I,
972 469 1044 501 2219,
1069 468 1168 498 ceteri.
1196 486 1229 489 —-
1259 468 1393 506 Slampf,
1418 467 1490 506 Req.
1515 467 1603 497 (locst.
1719 466 1771 505 (P.
1789 466 1894 504 deest.)
2038 477 2047 494 ει

462 578 662 619 lI(einrieus)
689 578 749 608 Dei
774 579 879 619 gratia
902 578 1120 609 Romanorum
1145 578 1321 619 imperator
1345 581 1501 619 augustus
1527 578 1801 619 archiepiscopisa
1825 580 1858 608 et
1881 576 1997 607 ceteris

358 630 499 660 Saxonie
526 630 725 671 principibus
750 641 787 660 ac
812 630 913 660 eciam
940 630 1062 671 reliquo
1088 630 1205 670 populo
1230 630 1366 670 gratiam
1393 635 1425 660 et
1449 629 1667 667 dilectionem,
1693 628 1901 669 dignantibus
1927 638 1997 659 eam

359 681 511 722 recipere.

464 733 697 774 Conquerimur
720 733 790 764 Deo
816 734 1026 775 omnipotenti
1052 736 1084 763 et
1108 733 1233 764 domine
1259 734 1352 764 meeb
1376 736 1486 763 sancte
1504 733 1605 763 Mario
1630 736 1662 763 et
1683 733 1778 763 beato
1796 732 1891 762 Petro
1910 732 1995 773 prin—

359 784 420 825 cipi
446 785 667 825 apostolorum
694 788 829 826 patrono
856 789 964 815 nostro
990 789 1021 815 et
1039 785 1129 816 vobis
1148 785 1342 826 principibus
1362 785 1522 821 (minibus,
1547 785 1622 825 quia
1639 785 1755 815 iniuste
1774 786 1806 814 et
1823 783 1996 814 inhumane
2027 798 2049 815 10

359 839 391 865 et
415 836 597 869 crudeliter,
627 837 658 866 in
684 837 738 867 illa
763 837 872 867 confisi
896 836 968 870 tideq
999 836 1056 867 deU
1081 847 1143 877 qua
1167 836 1315 866 dubitare
1340 847 1402 867 non
1428 836 1633 873 debuimusd7
1665 836 1791 866 tractati
1818 845 1942 870 sumus;
1967 837 1999 865 et

359 891 423 917 tam
448 888 568 918 honore
594 889 684 928 regni
709 898 803 929 quam
829 888 947 929 prediis
973 891 1004 918 et
1028 888 1184 920 omnibus,
1210 898 1270 928 que
1296 887 1506 921 habebamus*
1532 892 1644 918 contra
1668 887 1810 918 divinum
1836 889 1869 917 et
1887 886 1998 917 huma-

359 949 431 969 num
466 939 524 975 ius,
558 939 598 970 ad
630 940 813 971 infamiame
842 944 874 971 et
903 938 1152 981 improperiumf
1179 939 1269 979 regni
1296 939 1341 969 ita
1365 939 1520 980 expoliati
1545 950 1666 978 sumus,
1690 942 1725 970 ut
1749 938 1844 969 nichil
1869 938 1998 979 penitus

359 993 467 1030 preter
498 991 598 1021 solam
634 991 732 1021 vitam
763 991 855 1022 nobis
884 991 1029 1022 relictum
1056 992 1128 1022 sitss.
1175 991 1240 1021 Ubi
1267 1002 1337 1021 cum
1362 991 1463 1021 ferme
1489 1002 1598 1022 omnes
1624 991 1754 1026 essetis,
1785 1001 1902 1031 magna
1925 1000 1998 1030 pars

358 1042 457 1072 vestri
482 1042 550 1072 visa
574 1046 623 1072 est
648 1043 757 1073 dolere
783 1046 815 1073 et
840 1043 969 1074 tristari.
1017 1042 1082 1074 Sed
1107 1054 1162 1084 pro
1187 1042 1297 1073 dolorh
1322 1042 1418 1073 nichil
1443 1043 1534 1073 nobis
1557 1043 1679 1074 vestrai
1704 1042 1838 1073 eontulit
1854 1041 1995 1080 tristitia,
2026 1054 2048 1071 15

358 1093 433 1133 quin
458 1093 517 1124 dee
541 1093 633 1123 nobis
658 1094 717 1125 sibi
743 1094 944 1125 satisfaceret
969 1095 1114 1124 voluntas
1139 1094 1338 1125 inimicorum
1365 1098 1545 1125 nostrorum
1571 1095 1691 1127 odiosa.

462 1144 503 1175 Et
527 1146 601 1186 quia
625 1156 696 1176 cum
728 1147 861 1176 consilio
887 1150 919 1176 et
943 1149 1057 1187 rogatu
1082 1146 1135 1176 filii
1166 1146 1282 1182 nostriq
1316 1146 1377 1176 fide
1402 1150 1434 1176 ct
1465 1146 1638 1177 securitate
1663 1147 1724 1177 vite
1749 1149 1781 1177 et
1805 1145 1932 1176 honoris
1957 1145 1998 1176 ab

360 1208 396 1227 eo
422 1197 559 1238 primum
584 1201 725 1239 accepta,
751 1197 943 1229 fiducialiter
968 1201 999 1229 ct
1023 1198 1250 1229 desideranter
1266 1198 1463 1239 Magontiam
1483 1198 1512 1228 in
1531 1198 1726 1240 presentiam
1744 1198 1842 1239 legati
1859 1197 1997 1228 Romani

359 1252 390 1279 et
418 1249 598 1290 principum
628 1249 867 1285 tenderemusk,
898 1254 932 1279 ut
963 1260 1072 1280 eorum
1102 1250 1313 1291 dispositione
1342 1260 1513 1290 ageremus
1539 1253 1601 1280 tani
1628 1249 1667 1280 de
1693 1253 1779 1280 statu
1804 1249 1941 1280 ecclesie
1965 1252 1997 1279 et

359 1300 478 1331 honore
508 1301 598 1341 regni
631 1311 725 1342 quam
749 1301 788 1332 (le
818 1301 921 1331 salute
945 1302 1051 1331 anime
1077 1305 1201 1338 nostre,
1232 1302 1300 1342 ipse
1331 1312 1394 1331 non
1419 1305 1469 1331 est
1493 1301 1611 1331 veritus
1636 1302 1666 1331 in
1691 1301 1751 1332 hae
1775 1300 1940 1331 voluntate
1965 1303 1997 1330 et
2024 1310 2048 1328 210

359 1351 547 1383 obediencia
571 1363 629 1383 nos
654 1356 765 1383 contra
789 1353 894 1383 datam
920 1353 1015 1383 fidem
1041 1363 1154 1394 capere
1180 1356 1211 1383 et
1236 1363 1337 1393 usque
1362 1352 1400 1383 ad
1426 1353 1594 1383 articulum
1620 1352 1730 1383 mortis
1751 1352 1851 1382 ferme
1870 1351 1996 1382 ducere.

359 1403 431 1434 Non
456 1404 526 1434 ausi
550 1415 659 1434 sumus
684 1405 728 1434 ita
752 1415 809 1435 nos
835 1405 880 1435 illi
905 1404 1047 1441 credere,
1079 1408 1113 1435 ut
1138 1404 1277 1435 iniuriis¹
1302 1408 1334 1435 et
1358 1405 1559 1436 contumeliis
1585 1415 1642 1435 nos
1667 1415 1724 1446 pro
1750 1404 1913 1435 voluntate
1940 1414 1998 1434 sua

361 1456 444 1486 sicut
468 1457 555 1497 prius
579 1456 686 1487 valeat
711 1460 858 1487 tractare.

464 1507 670 1549 Quapropter
702 1508 836 1538 multum
875 1518 930 1538 vos
963 1519 1111 1549 rogamus
1144 1510 1175 1538 et
1206 1507 1323 1538 obnixe
1352 1518 1535 1549 precamur:
1574 1511 1608 1538 ut
1636 1518 1693 1549 pro
1725 1507 1840 1538 timore
1872 1507 1934 1538 Dei
1965 1510 1998 1538 et

359 1559 479 1590 honore
512 1560 602 1600 regni
636 1563 668 1590 ct
699 1559 870 1590 honestate
896 1564 1002 1590 vestra
1027 1559 1200 1600 dignemini
1227 1559 1369 1597 studere,
1404 1559 1562 1600 quomodo
1587 1559 1626 1590 de
1651 1559 1766 1590 iniuria
1790 1559 1821 1590 in
1846 1559 1993 1590 manibus
2023 1573 2046 1590 25

361 1611 475 1642 vestris
502 1611 592 1641 nobis
617 1611 705 1641 illata
730 1622 786 1653 per
812 1622 866 1642 vos
892 1612 1050 1652 possimus
1075 1621 1267 1652 recuperare
1292 1611 1459 1641 iusticiam.

461 1662 528 1693 Nos
544 1666 677 1693 autemm
702 1674 758 1704 pro
777 1663 911 1693 consilio
929 1666 1035 1693 vestro
1054 1666 1086 1693 et
1102 1663 1248 1696 aliorum,
1273 1663 1325 1704 qui
1342 1673 1400 1693 nos
1419 1662 1490 1693 odio
1509 1673 1571 1693 non
1594 1662 1724 1699 habent,
1750 1662 1997 1704 religiosorumu

359 1716 498 1745 virorum
524 1715 628 1756 parati
654 1725 779 1746 sumus.
813 1718 877 1745 tam
903 1715 967 1745 filio
993 1718 1116 1746 nostro.
1148 1715 1172 1745 si
1197 1715 1228 1744 in
1253 1714 1360 1755 aliquo
1386 1725 1459 1745 eum
1491 1714 1697 1749 offendimus,
1728 1725 1821 1755 quam
1846 1714 1941 1745 alicui
1966 1715 1996 1745 in

360 1778 458 1807 regno
490 1767 630 1797 libenter
659 1766 842 1797 emendare.
896 1766 1066 1802 Prctcrea,
1099 1766 1181 1796 sicut
1211 1765 1338 1796 domino
1369 1772 1471 1807 pape⁰
1502 1766 1532 1796 in
1564 1766 1730 1807 presentia
1758 1766 1857 1807 legati
1889 1767 1937 1796 sui
1966 1770 1998 1797 et

360 1821 465 1848 vestra
489 1818 619 1848 obedire
644 1818 747 1859 parati
771 1818 898 1850 fuimus,
924 1818 968 1848 ita
993 1821 1024 1848 et
1048 1828 1132 1848 nune
1156 1818 1260 1858 parati
1285 1828 1402 1851 sumus,
1428 1819 1455 1848 ei
1481 1828 1606 1848 omnem
1624 1817 1765 1849 debitam
1783 1818 1998 1849 reverentiam
2027 1829 2051 1846 30

360 1875 391 1901 et
417 1870 640 1901 obedienciam
674 1871 798 1900 sincero
830 1869 926 1900 corde.
955 1873 986 1900 et
1011 1869 1186 1900 devocione
1212 1870 1451 1910 presentialiter
1476 1869 1630 1900 exhibere
1656 1874 1688 1901 et
1712 1889 1750 1892 —
1776 1874 1841 1901 tam
1866 1870 2001 1900 consilio

361 1926 467 1953 vestro
493 1932 587 1963 quam
614 1922 787 1963 spiritualis
820 1922 920 1962 patris
946 1922 1045 1951 nostri
1071 1920 1252 1963 Iltugonis)
1279 1921 1522 1951 Oloniacensisl'
1551 1921 1678 1952 abbatis
1703 1922 1901 1962 aliorumque
1926 1922 2000 1952 reli-

360 1974 523 2014 giosorum
548 1973 690 2003 virorum
710 1992 746 1994 —
764 1972 803 2003 de
829 1976 914 2002 statu
940 1973 1075 2003 ecclesie
1094 1976 1125 2002 et
1143 1972 1262 2002 honore
1281 1972 1381 2013 regni,
1407 1976 1560 2013 quantum
1581 1973 1611 2003 in
1630 1973 1720 2003 nobis
1735 1977 1794 2004 est.
1819 1973 2001 2014 disponere.

463 2024 542 2055 Cum
567 2025 665 2065 igitur
688 2024 727 2054 ad
753 2024 811 2055 hcc
835 2025 942 2054 onmia
960 2024 1062 2065 parati
1081 2024 1189 2058 simus*
1217 2034 1367 2064 rogamus
1386 2034 1442 2054 vos
1461 2027 1492 2054 et
1514 2025 1632 2055 obnixe
1651 2035 1828 2066 precamur,
1853 2025 2002 2066 quatinus

361 2088 416 2118 pro
442 2076 512 2107 Deo
546 2080 577 2107 et
607 2076 724 2106 honore
758 2077 848 2117 regni
879 2082 910 2106 et
941 2080 1049 2106 vestro
1075 2076 1232 2105 instanter
1264 2076 1423 2106 moneatis
1453 2076 1551 2106 filium
1576 2080 1732 2113 nostrum,
1764 2087 1834 2107 eum
1859 2077 1949 2107 nulla
1972 2076 2001 2107 ci
2030 2091 2053 2108 ³⁵

359 2128 533 2159 secuudum
561 2128 716 2169 prefatam
742 2128 939 2158 sentenciam
964 2127 1134 2157 adversum
1159 2137 1215 2157 nos
1240 2127 1369 2157 residua
1393 2127 1433 2157 sit
1458 2128 1574 2167 ccasio,
1601 2127 1715 2158 amodo
1739 2128 1874 2159 desistat
1898 2139 1955 2159 nos
1973 2132 2005 2159 et

361 2181 472 2211 fideles
497 2183 625 2210 nostros
650 2181 817 2221 persequi:
843 2183 875 2210 et
899 2179 1032 2220 pacifice
1059 2182 1090 2209 et
1114 2179 1221 2219 quiete
1247 2178 1354 2208 vivere
1380 2179 1555 2219 permittat,
1587 2183 1621 2209 ut
1648 2190 1745 2220 supra
1768 2179 1853 2210 dicta
1878 2179 2004 2220 integre

360 2237 392 2263 et
428 2242 499 2262 cum
538 2231 768 2272 tranquillitate
800 2231 1019 2272 perficiantur.
1071 2230 1193 2265 Quodsi
1231 2230 1386 2261 noluerit.
1423 2241 1571 2270 rogamus
1603 2241 1656 2261 vos
1688 2242 1746 2272 per
1778 2231 2001 2263 auctoritatem

364 2284 509 2314 Romane
541 2283 689 2317 ecclesie,
721 2283 770 2313 cui
801 2294 858 2313 nos
889 2282 1114 2312 committimus
1145 2286 1176 2311 et
1205 2281 1376 2311 honorcm¹¹
1408 2282 1514 2321 regni,
1546 2293 1585 2312 ne
1612 2293 1710 2324 super
1734 2293 1790 2313 nos
1815 2286 1865 2313 etr
1888 2283 2000 2314 fideles

362 2339 488 2366 nostros
514 2335 662 2365 veniatis.
710 2335 794 2370 Quia
818 2334 1023 2364 manifestum
1050 2336 1108 2369 est7
1134 2343 1194 2363 non
1220 2343 1292 2363 eum
1318 2333 1426 2363 divine
1445 2333 1525 2373 legis
1544 2334 1612 2365 zelo
1631 2335 1682 2365 vel
1700 2334 1843 2365 Romane
1861 2335 2000 2366 ecclesie
2029 2347 2053 2365 -10

360 2387 548 2421 dilectione,
581 2386 638 2417 sed
670 2386 932 2427 concupiscentia
964 2385 1079 2425 regnis,
1113 2388 1203 2425 patre
1234 2385 1349 2415 iniuste
1375 2395 1412 2415 eo
1437 2385 1578 2426 privato,
1603 2385 1663 2415 hoc
1688 2386 1857 2427 incepisse.
1904 2386 2001 2428 Apud

361 2449 455 2479 quem
488 2439 530 2469 sit
559 2438 779 2479 interpellacio
812 2441 920 2468 vestra
951 2437 1102 2477 nullaque
1134 2436 1197 2466 alia
1228 2437 1426 2467 intervencio
1458 2437 1498 2467 ad
1530 2448 1664 2478 presens
1694 2438 1849 2478 prodesse
1874 2438 2003 2479 poterit,

362 2490 563 2531 appellamus
589 2491 769 2520 Romanum
794 2489 979 2530 pontificem
998 2492 1030 2519 et
1047 2491 1191 2518 sanctam
1211 2488 1425 2519 universalem
1445 2488 1622 2519 Romanam
1642 2489 1750 2520 sedem
1770 2493 1801 2520 et
1821 2490 2003 2521 ecclesiam.

465 2601 507 2626 TS.
531 2606 555 2623 5¹*
576 2602 629 2625 loco
654 2602 849 2633 archiepiscopis
866 2601 1007 2633 —populo
1026 2601 1054 2624 Ξῖ
1083 2600 1242 2631 episcopis
1270 2600 1404 2624 dur-ibus
1438 2602 1676 2625 lilarcliionibus
1704 2602 1877 2625 comitibus
1902 2605 2003 2625 caete-

362 2646 468 2675 ris-quc
496 2646 585 2676 regni
615 2645 821 2677 principibus.
927 2644 951 2670 ¹¹)
971 2644 1037 2668 dees!
1059 2642 1081 2667 2.
1188 2644 1208 2669 e)
1230 2643 1295 2665 deest
1318 2642 1337 2666 l.
1443 2642 1466 2670 ¹¹)
1487 2644 1656 2668 debueramus
1679 2644 1702 2668 2.
1808 2644 1830 2675 ⁰)
1851 2645 1957 2668 infamia
1978 2644 1998 2668 l⁴
2027 2651 2051 2669 45

362 2686 383 2711 s)
404 2688 535 2719 imperium
559 2688 578 2711 l.
685 2688 707 2710 Ἣ
729 2692 763 2711 est
787 2688 807 2711 l.
913 2686 935 2715 ΙΙ)
956 2687 1068 2710 dolorum
1091 2685 1112 2709 1.
1218 2684 1233 2709 *l
1253 2685 1330 2708 vitam
1353 2685 1372 2709 l.
1483 2684 1507 2713 k)
1527 2688 1680 2711 temlerimus
1703 2688 1723 2711 l.
1828 2685 1845 2717 ¹)
1867 2687 1957 2711 iniurie
1978 2687 1998 2712 l.

362 2728 512 2761 'ut'qunque
532 2731 554 2753 ζ).
642 2732 667 2754 ¹¹)
689 2731 913 2762 religiosorunique
932 2728 954 2752 2,
1049 2729 1072 2751 ⁰l
1094 2737 1157 2759 papa
1181 2727 1200 2751 1.
1293 2726 1316 2755 ν)
1337 2728 1482 2752 (Iloaceusis
1502 2728 1523 2752 1.
1617 2729 1641 2754 <U
1663 2730 1755 2754 honore
1779 2729 1798 2754 l.
1886 2730 1907 2761 Γ)
1926 2738 2001 2762 super

362 2773 421 2796 ιιιΙιΙ4
442 2773 464 2797 L).
555 2778 573 2803 ff)
594 2782 670 2805 regno
693 2775 712 2797 l.
801 2774 819 2798 ¹)
840 2773 905 2797 deest
928 2773 948 2796 l.
