2205 3072
373 161 430 190 122
778 156 940 182 HEINRICI
963 157 1009 182 IV.
1030 155 1350 182 C‹1›NST1TUT1‹2›NEs.
1390 155 1461 179 1094.
1500 154 1545 179 Nr.
1560 153 1599 178 72.

368 244 535 274 habiturus
565 248 614 274 est
657 243 873 285 perhenniter,
906 254 978 274 eum
1012 242 1102 273 nobis
1135 240 1425 272 commendabilem
1460 241 1490 270 in
1521 239 1668 270 omnibus
1698 238 1861 274 exhibuit⁷
1895 237 2011 277 dignus

370 296 459 326 eiusg
492 299 524 326 et
554 296 708 326 honestus
746 296 944 325 interventus
980 305 1035 335 pro
1071 293 1218 324 omnibus
1254 292 1367 322 incolis
1392 291 1540 322 Venetici
1573 290 1669 331 regni
1692 300 1804 330 puram
1835 288 1949 319 fidemb
1980 295 2012 318 et

371 348 528 377 sinceram
558 347 761 377 dilectionem
789 346 828 377 ob
854 346 912 376 hoc
937 356 1039 386 usque
1064 345 1155 375 nobis
1180 343 1354 374 servaturis
1379 347 1456 384 aput
1480 347 1620 373 nostram
1644 340 1883 382 imperatoriam
1908 340 2006 370 maie-

371 403 486 429 statem
516 398 633 429 locumi
665 398 827 429 karissimi
859 397 1031 438 compatris
1060 401 1092 427 et
1121 396 1180 426 viri
1211 395 1365 436 sapientis
1396 394 1623 424 venerabiliter
1647 392 1796 424 obtinuit.
1843 391 1946 432 Igitur
1969 391 2008 421 ob

372 451 530 480 sinceram
556 451 625 480 eius
651 454 682 480 et
705 449 935 480 venerabillem
960 449 1163 479 dilectionem
1189 447 1356 478 karissime
1381 445 1657 486 compaternitatis
1679 444 1815 475 vinculis
1833 443 2008 482 astrictam,

373 505 407 532 ut
431 501 470 532 ad
495 502 693 532 fructiferum
718 501 816 532 decus
840 501 967 542 imperii
991 500 1091 531 nostri
1115 500 1205 530 firma
1230 508 1359 539 semper
1375 501 1406 528 et
1423 496 1618 527 inviolabilis
1637 498 1835 537 permaneat,
1861 493 2010 536 quicquid

373 553 441 594 ipse
473 553 539 583 dux
569 557 601 584 et
624 553 775 584 Venetici
807 552 942 583 ducatus
973 551 1111 593 populus
1140 554 1172 581 et
1196 550 1333 583 ecclesie
1358 552 1442 579 retro
1468 559 1525 590 per
1549 548 1681 589 triginta
1703 558 1805 578 annos
1830 547 1861 577 in
1886 546 2011 588 imperii

375 605 476 634 nostri
500 607 671 646 potestate,
702 603 878 634 secundum
909 603 993 644 quod
1016 603 1048 633 in
1072 605 1223 644 precepto
1248 601 1349 642 patris
1374 600 1474 630 nostri
1500 603 1531 630 et
1554 602 1733 630 nostrorum
1758 601 2011 634 antecessorum,

375 666 486 696 regum
517 656 567 686 vel
597 656 841 697 imperatorum,
873 655 1053 686 continetur
1082 658 1114 684 et
1144 654 1175 684 in
1206 657 1300 695 pacto
1326 652 1454 683 Ottonis
1478 651 1681 692 imperatoris
1706 650 1841 691 legitur,
1872 650 1955 680 iuste
1980 651 2012 680 et

373 707 522 747 legaliter
554 707 657 737 tenuit
687 710 718 737 ct
746 707 868 745 habuit,
900 717 958 747 per
988 705 1069 736 hanc
1100 705 1317 746 preceptalem
1350 704 1499 745 paginam
1525 702 1752 733 renovavimus
1777 704 1871 742 atque
1896 700 2010 731 confir-

374 758 539 789 mavimus.
594 758 699 788 Huius
729 761 836 789 autem
870 757 914 788 rei
946 756 1136 788 internuntii
1168 756 1224 786 viri
1248 755 1464 786 venerabilles
1490 755 1677 791 extiterunt,
1712 753 1838 784 Grauso
1863 752 2014 783 videlicet

375 810 511 841 dilectus
537 810 627 840 ducis
653 810 862 847 eanzelarius,
887 809 1003 839 Vitalis
1020 808 1160 839 Miehael
1185 810 1217 838 et
1234 807 1348 837 Petrus
1366 806 1517 847 Zopolus‚
1544 816 1601 847 per
1617 816 1706 846 quos,
1730 808 1765 835 ut
1782 814 1878 845 supra
1895 803 2012 834 dictum

377 864 435 898 est,
461 862 630 903 sequentia
654 861 866 899 laudavinlus‚
890 865 931 890 ita
954 859 1092 901 quidem,
1117 866 1148 890 ut
1171 872 1235 897 pars
1259 863 1332 897 parti
1356 863 1395 889 nil
1419 862 1572 896 malignmn
1595 863 1645 888 aut
1668 861 1809 892 iniustum,
1835 860 1882 887 sed
1906 868 2013 893 semper

377 918 449 950 quod
474 919 578 943 rectum
603 919 657 949 est,
682 918 709 943 in
735 917 861 944 omnibus
885 916 1041 942 actionibus
1065 915 1201 948 rebusque
1226 916 1316 941 tacere
1336 916 1477 948 presumat
1501 915 1527 939 et
1546 913 1576 941 si.
1600 913 1673 947 quod
1690 913 1771 944 absit,
1795 912 1890 946 aliqua
1905 911 2013 938 malit-ia

377 970 417 995 vel
444 969 511 996 lesio
536 969 664 1003 nequiter
687 969 760 995 inter
784 970 876 1002 partes
901 968 1046 993 commissa
1070 967 1162 995 fuerit,
1192 976 1240 1000 per
1264 967 1344 992 huius
1374 965 1474 992 federis
1497 965 1609 991 decreta
1632 967 1758 999 tergatur
1781 974 1812 990 ac
1837 965 1911 990 facta
1934 963 2011 989 satis-

376 1021 497 1047 factione
529 1030 544 1047 a
573 1021 669 1047 rebelli
698 1023 727 1046 ct
756 1022 946 1053 transgrcsore
977 1021 1056 1053 parte
1087 1014 1127 1044 ad
1155 1021 1267 1052 pactum
1297 1017 1513 1043 observa-ndum
1538 1017 1588 1043 hec
1612 1017 1696 1043 series
1719 1016 1819 1043 federis
1844 1024 1892 1049 per
1915 1016 2015 1041 cuncta

376 1072 578 1098 inviolabiliter
601 1082 736 1098 annorum
761 1081 868 1105 semper
892 1073 1004 1097 maneat
1028 1071 1157 1098 curicula.
1182 1072 1287 1096 remota
1306 1070 1379 1096 omni
1398 1069 1618 1096 contradictione
1644 1069 1685 1096 vel
1709 1067 1928 1103 impugnatione
1950 1066 2013 1093 tam

378 1126 473 1150 nostra
497 1130 591 1160 quan]
617 1126 774 1150 nostrorum
799 1131 986 1149 successorum
1011 1117 1161 1149 Olliniumk.

481 1175 550 1206 Quia
575 1175 707 1201 iniustum
732 1175 854 1203 videtur,
885 1173 919 1200 ut
943 1174 1043 1207 aliquis
1068 1174 1111 1200 vel
1135 1173 1190 1199 suis
1215 1173 1257 1199 vel
1283 1173 1360 1206 equis
1385 1173 1575 1199 sanctionibus
1599 1182 1760 1206 oppugnare
1784 1172 1903 1201 nitatur,
1933 1173 1961 1197 et
1984 1173 2015 1197 ut

378 1228 537 1262 specialiter
560 1230 693 1254 notentur
717 1227 799 1253 vicini
824 1227 919 1260 populi
944 1226 1062 1252 maxime
1087 1228 1143 1251 tam
1165 1235 1197 1252 cx
1221 1226 1316 1251 nostro
1337 1225 1452 1258 imperio
1476 1233 1558 1258 quam
1580 1234 1612 1251 ex
1629 1224 1753 1258 predicto
1770 1224 1872 1250 ducatu
1891 1222 2014 1255 Vcnetie,
2042 1231 2052 1248 ·.·

378 1290 395 1306 a
417 1280 518 1313 quibus
542 1280 701 1306 omnimodo
725 1280 795 1305 hanc
819 1278 957 1312 pactionis
981 1277 1188 1303 institutionem
1213 1277 1413 1303 observandam
1438 1286 1496 1302 esse
1520 1276 1698 1305 decrevimus,
1723 1276 1762 1301 hii
1786 1277 1851 1301 sunt
1872 1285 1903 1301 ex
1921 1276 2016 1300 nostro

379 1332 469 1358 silicet
497 1332 568 1357 iure:
598 1332 754 1365 Papienses,
785 1330 1013 1361 Mediolanenses,
1043 1330 1249 1356 Cremonenses,
1280 1328 1476 1357 Feri-arienses,
1506 1328 1669 1355 Ravenates.
1694 1328 1894 1357 Comaclcnsos,
1919 1326 2015 1352 Arimi-

952 1382 971 1394 ΠΙ

381 1393 488 1415 nenses,
506 1378 717 1412 Pisauriensesl.
743 1383 944 1409 Censentenscs
974 1403 979 1409 .
1006 1381 1151 1411 Famem-es,
1169 1380 1407 1413 Scnegaliensesn,
1433 1380 1619 1408 Anconcnses,
1637 1380 1836 1410 Humancnses,
1855 1378 2016 1408 Firmenscs,

381 1435 541 1469 Epfflenses,
567 1435 748 1466 Vcronenses,
773 1433 1020 1462 Montesilicenses,
1038 1433 1225 1459 Gavellenses.
1245 1431 1444 1457 Vincentcnses
1454 1433 1474 1462 υ,
1499 1432 1664 1460 Paduenses,
1681 1431 1915 1462 Tarvisianenses,
1934 1431 2015 1456 Uene-

382 1488 481 1517 tensesy
507 1486 718 1517 Foroiulienscs,
743 1485 920 1514 Histriensesv
945 1487 973 1511 et
991 1484 1082 1511 cuncti
1099 1479 1138 1510 de
1157 1486 1252 1510 nostro
1270 1484 1379 1509 Ytalico
1397 1478 1504 1517 regno*

381 1541 523 1572 posterum
548 1538 633 1564 futuri
657 1540 734 1569 sunta
767 1547 799 1564 ex
824 1537 949 1571 predicto
973 1537 1059 1563 verol'
1083 1537 1185 1562 ducatu
1210 1535 1325 1562 Venetie
1350 1537 1426 1561 sunt:
1451 1535 1651 1564 Rivoalt-enscsv
1676 1535 1921 1566 Metamaucensesy
1946 1534 2016 1561 Clui-

381 1600 467 1622 enses,
499 1590 776 1623 Caputargelenses*¹.
812 1588 1051 1619 Bi·undulienscs¹‚
1084 1589 1291 1617 Lauretenses²³v
1324 1582 1540 1613 Pistl'inenses
1552 1583 1571 1617 ¹,
1604 1587 1802 1618 Murianenses,
1832 1587 2018 1618 '1¹0rcelenses,

381 1643 570 1672 Annam—uses,
606 1642 796 1673 surianenses,
827 1640 998 1674 Equilenses‚
1032 1640 1221 1673 Capi-ulenses,
1255 1636 1496 1669 ‹tivit—atinenses&
1527 1639 1665 1667 Finenses.
1691 1639 1845 1665 Gradenses
1870 1640 1895 1665 et
1921 1640 2019 1665 concta

381 1693 550 1728 generalitas
575 1693 670 1727 populi
696 1693 819 1721 Venetis.
844 1692 901 1718 sive
925 1692 972 1725 qui
996 1692 1077 1717 modo
1102 1692 1188 1717 suntu
1212 1691 1254 1717 vel
1278 1691 1325 1724 qui
1351 1691 1436 1716 futuri
1462 1693 1533 1717 sunt.

484 1741 532 1780 (l)
561 1745 759 1771 Confirmamus
793 1740 899 1780 itaque
934 1743 1130 1769 Veneticorum
1164 1744 1229 1769 fines
1263 1752 1279 1768 a
1314 1742 1423 1768 ncminc
1458 1744 1616 1768 nostrorum
1650 1741 1815 1775 inquietari,
1850 1742 1943 1768 invadi
1975 1742 2018 1769 vel

384 1796 536 1823 minorariv
565 1791 695 1829 (lubere,
727 1797 773 1822 scd
802 1796 888 1822 libcrc
917 1799 943 1823 et
968 1797 1072 1829 absque
1097 1791 1181 1821 omni
1206 1795 1326 1828 impulsu
1356 1804 1409 1827 quc
1434 1797 1507 1821 retro
1531 1794 1566 1820 ab
1590 1794 1670 1820 annis
1694 1795 1871 1828 possiderunt
1894 1795 2019 1828 triginta,

383 1849 512 1882 deinceps
536 1848 705 1881 possideant.
751 1848 939 1881 Proprietates
964 1857 1029 1874 vero
1054 1849 1079 1874 et
1105 1847 1212 1881 predia.
1243 1856 1296 1879 quc
1326 1846 1427 1871 habere
1458 1846 1586 1872 videntur
1609 1848 1666 1872 tam
1690 1846 1748 1880 ipse
1773 1847 1826 1872 dux
1850 1855 1932 1880 quam
1957 1856 2021 1872 suus

383 1900 567 1934 patriarchaW
591 1909 640 1926 nec
665 1908 719 1925 non
743 1899 874 1933 episcopi„
899 1899 1015 1926 abbates
1040 1901 1065 1925 ct
1089 1905 1198 1925 omnes
1223 1898 1337 1924 ecclesie
1362 1900 1456 1924 sancte
1474 1898 1524 1924 Dei
1549 1900 1577 1924 ct
1600 1898 1743 1931 reliquusx
1768 1899 1885 1932 populus
1904 1898 2021 1925 venet-ie

384 1952 435 1977 sibi
460 1952 600 1978 subiectus
625 1951 696 1977 infra
720 1953 890 1984 potestatem
914 1951 1023 1985 imperii
1047 1951 1143 1982 nostri,
1169 1951 1225 1976 sive
1244 1950 1270 1976 in
1291 1950 1403 1983 campis.
1421 1949 1555 1978 domibus,
1575 1950 1671 1983 pratis,
1689 1950 1774 1982 silvis,
1792 1950 1888 1982 vineis,
1906 1950 2019 1981 salictis,

384 2003 538 2037 paludibus,
570 2003 732 2032 sationibusv
764 2003 965 2036 piscationibus
995 2005 1023 2029 et
1047 2002 1145 2029 ceteris
1170 2002 1231 2028 aliis
1256 2002 1484 2035 possessionibus,
1509 2002 1602 2035 quiete
1626 2001 1788 2035 possideant
1811 2002 1914 2035 absque
1932 2002 2019 2028 cuius-

384 2056 489 2088 quamy
520 2055 680 2081 insultantis
712 2054 919 2081 machinatione
944 2056 992 2081 aut
1016 2055 1120 2081 lesione
1145 2054 1197 2080 vcl
1223 2054 1336 2079 sinistra
1359 2053 1520 2087 quippiamZ
1551 2053 1791 2087 tergiversatione,
1824 2054 1864 2079 ita
1888 2055 1919 2080 ut
1942 2062 2022 2080 nemo

384 2106 613 2132 contrarietatem
644 2102 690 2132 eis
724 2106 786 2132 inde
818 2107 908 2132 facere
938 2108 1087 2140 presumat.
1140 2105 1194 2132 Nec
1224 2105 1308 2131 etiam
1340 2105 1516 2131 venationem
1540 2107 1589 2130 aut
1612 2105 1822 2139 palssvulationem
1847 2105 1905 2132 sine
1930 2115 2023 2132 eorum

384 2157 500 2183 licent-ia
523 2159 652 2183 exerceat
682 2166 771 2190 neque
802 2157 959 2183 molestiam
984 2157 1022 2182 ibi
1047 2156 1232 2183 residentibus
1256 2156 1359 2182 inserat
1382 2166 1471 2189 neque
1496 2156 1618 2189 aliquam
1643 2165 1741 2183 navem
1765 2157 1887 2191 ipsorum
1914 2156 2022 2183 Veneti-

385 2218 479 2235 corum
503 2209 530 2234 in
555 2209 649 2242 aliqua
672 2208 759 2235 nostri
783 2208 893 2241 imperii
915 2210 995 2242 parte
1020 2208 1225 2242 periclitantem
1258 2208 1367 2241 predari
1398 2217 1444 2234 seu
1469 2207 1627 2234 hominibus
1652 2208 1828 2242 naufragium
1852 2208 2024 2242 patientibus

387 2261 509 2294 aliquam
533 2256 784 2286 controversiam
802 2260 921 2285 inferre³
946 2262 1100 2293 presumat;
1125 2260 1198 2293 quod
1216 2259 1263 2292 qui
1281 2259 1385 2285 fecerit.
1411 2261 1558 2293 componat
1577 2261 1686 2286 centum
1704 2260 1788 2286 libras
1805 2260 1865 2286 auri
1882 2260 2022 2293 purissimi

386 2313 449 2343 illis,
474 2312 573 2345 quibus
597 2312 727 2337 iniuriam
752 2313 841 2337 facere
866 2312 1052 2345 presumserit,
1078 2314 1103 2337 et
1129 2321 1171 2337 res
1195 2311 1318 2337 dominio
1342 2311 1545 2345 possidentium
1570 2311 1764 2345 mancipentur
1788 2313 1813 2338 et
1832 2311 1925 2344 quiete
1942 2311 2026 2338 liceat.

389 2365 593 2399 possessoribus
618 2365 679 2390 illas
703 2367 797 2390 tenere
823 2374 854 2391 ac
878 2364 939 2390 t'rui.

489 2412 537 2453 12)
562 2412 684 2448 Quodsil’
715 2426 844 2442 excursus
874 2416 946 2442 inter
982 2418 1074 2450 partes
1109 2417 1197 2442 sactus
1230 2415 1326 2446 fuerit,
1364 2424 1483 2449 persona
1513 2415 1585 2449 ipsa,
1616 2425 1669 2448 quc
1699 2415 1727 2440 in
1758 2415 1849 2449 capite
1879 2415 1963 2441 fuerit
1991 2416 2025 2441 ad

494 2522 537 2548 22.
562 2528 585 2551 Β)
604 2525 670 2548 enim
693 2524 711 2548 1.
802 2522 825 2555 ¹¹)
846 2524 943 2548 fidelem
966 2523 987 2547 1.
1076 2523 1093 2555 i)
1113 2524 1184 2547 loeus
1203 2524 1225 2547 2.
1313 2522 1338 2551 k)
1358 2523 1471 2547 oxnnium
1491 2531 1666 2547 successorum
1685 2523 1708 2546 2.
1779 2522 1797 2548 ¹)
1818 2523 1981 2548 l'isaurenses
1999 2523 2022 2548 2.

389 2572 418 2593 ¹¹¹)
437 2568 590 2591 t'cseuenses
609 2566 632 2590 ⁵2.
721 2571 746 2592 ss>
766 2567 969 2598 Senogallienses
988 2568 1009 2590 2,
1099 2571 1123 2590 Ο)
1145 2567 1340 2590 Yinocentenses
1360 2566 1382 2589 2.
1471 2567 1495 2593 Ρ)
1515 2570 1600 2590 autem
1614 2564 1636 2589 2.
1712 2570 1736 2593 ⁴1)
1757 2566 1981 2598 (saputargilenses
2002 2565 2022 2591 l.

388 2612 408 2634 Γ)
429 2610 614 2634 Brunduleuscs
632 2609 655 2633 2.
761 2613 781 2635 s.
802 2610 975 2633 Laurecenses
996 2609 1016 2633 1.
1122 2610 1141 2632 t]
1161 2610 1335 2633 (Jivitanenscs
1355 2608 1377 2632 l.
1484 2612 1507 2632 ¹¹)
1526 2613 1586 2632 sunt
1605 2608 1677 2632 modo
1698 2608 1718 2632 1.
1818 2612 1842 2635 v)
1862 2609 1975 2633 inim-{ari
1997 2608 2022 2637 l:

390 2653 483 2676 lactina
502 2653 526 2676 in
546 2652 567 2676 2.
657 2657 686 2681 Ψ)
707 2653 849 2684 patriarcha
867 2661 929 2676 suus
951 2652 971 2676 1.
1042 2652 1066 2681 x)
1087 2652 1189 2683 reliquis
1212 2652 1231 2676 l.
1303 2652 1327 2681 y)
1348 2652 1487 2683 cuiuspiam
1507 2650 1530 2675 2.
1602 2653 1624 2679 Ζ)
1644 2652 1759 2683 quapiam
1773 2652 1796 2676 2.
1867 2652 1890 2682 Σὓ)
1911 2652 1988 2676 insere
2004 2650 2025 2676 1.

382 2694 413 2724 Ρ)
427 2696 496 2719 ‘idem
516 2697 535 2719 si
557 2695 577 2719 Ῑ.

496 2772 518 2803 l)
539 2771 712 2796 I'istrincnses
728 2772 763 2795 νυ]
778 2771 993 2803 l'ulcstrincnses,
1011 2771 1124 2796 cit-itatis
1141 2770 1215 2796 hodic
1228 2770 1391 2795 Pctlcslriunc
1411 2770 1522 2801 incolae;
1540 2771 1587 2802 cfr.
1608 2769 1721 2796 Pactam
1736 2769 1868 2796 Eride-ici
1881 2770 1902 2795 I.
1922 2778 1946 2795 ιι.
1960 2774 2025 2796 1177.

1507 1505 1512 1515 ,
1537 1483 1594 1510 sive
1611 1484 1658 1517 qui
1675 1484 1756 1510 modo
1776 1482 1849 1509 Sunt
1865 1483 1907 1509 vel
1924 1482 1971 1516 qui
1988 1482 2016 1509 in
2045 1486 2061 1504 ’Ξ-

2040 710 2063 728 lo

2043 969 2063 987 15

2047 1749 2071 1767 31⁷)

2048 2012 2071 2029 35

2050 2269 2075 2286 40

2051 2572 2075 2590 45
