<?xml version="1.0" encoding="UTF-8"?>
<!DOCTYPE html PUBLIC "-//W3C//DTD XHTML 1.0 Transitional//EN"
    "http://www.w3.org/TR/xhtml1/DTD/xhtml1-transitional.dtd">
<html xmlns="http://www.w3.org/1999/xhtml" xml:lang="en" lang="en">
 <head>
  <title>
</title>
<meta http-equiv="Content-Type" content="text/html;charset=utf-8" />
  <meta name='ocr-system' content='tesseract 3.04.00' />
  <meta name='ocr-capabilities' content='ocr_page ocr_carea ocr_par ocr_line ocrx_word'/>
</head>
<body>
  <div class='ocr_page' id='page_1' title='image "./monumentagelegum01geseuoft/monumentagelegum01geseuoft_0540.png"; bbox 0 0 2205 3072; ppageno 0'>
   <div class='ocr_carea' id='block_1_1' title="bbox 329 166 1604 213">
    <p class='ocr_par' dir='ltr' id='par_1_1' title="bbox 329 166 1604 213">
     <span class='ocr_line' id='line_1_1' title="bbox 329 166 1604 213; baseline -0.002 -12"><span class='ocrx_word' id='word_1_1' title='bbox 329 180 389 213; x_wconf 61' lang='lat'>512</span> <span class='ocrx_word' id='word_1_2' title='bbox 407 166 414 172; x_wconf 58' lang='lat'><em>⁷</em></span> <span class='ocrx_word' id='word_1_3' title='bbox 699 174 859 201; x_wconf 77' lang='lat' dir='ltr'>llElNRlCl</span> <span class='ocrx_word' id='word_1_4' title='bbox 879 174 924 200; x_wconf 77' lang='lat' dir='ltr'>VI.</span> <span class='ocrx_word' id='word_1_5' title='bbox 944 173 1265 199; x_wconf 55' lang='lat' dir='ltr'>eoNsTlTUTJoNES.</span> <span class='ocrx_word' id='word_1_6' title='bbox 1304 172 1374 198; x_wconf 70' lang='lat'>1104.</span> <span class='ocrx_word' id='word_1_7' title='bbox 1408 172 1526 198; x_wconf 74' lang='lat' dir='ltr'><strong>N1-.361.</strong></span> <span class='ocrx_word' id='word_1_8' title='bbox 1545 172 1604 198; x_wconf 76' lang='lat'>362.</span> 
     </span>
    </p>
   </div>
   <div class='ocr_carea' id='block_1_2' title="bbox 327 259 1975 666">
    <p class='ocr_par' dir='ltr' id='par_1_2' title="bbox 327 259 1975 605">
     <span class='ocr_line' id='line_1_2' title="bbox 329 259 1972 304; baseline -0.002 -10"><span class='ocrx_word' id='word_1_9' title='bbox 329 264 504 304; x_wconf 74' lang='lat' dir='ltr'>imperialis</span> <span class='ocrx_word' id='word_1_10' title='bbox 529 263 600 293; x_wconf 79' lang='lat' dir='ltr'>aule</span> <span class='ocrx_word' id='word_1_11' title='bbox 627 263 733 303; x_wconf 74' lang='lat' dir='ltr'>legato</span> <span class='ocrx_word' id='word_1_12' title='bbox 759 264 997 292; x_wconf 71' lang='lat' dir='ltr'>sacramentum</span> <span class='ocrx_word' id='word_1_13' title='bbox 1025 262 1123 303; x_wconf 67' lang='lat' dir='ltr'>pacis,</span> <span class='ocrx_word' id='word_1_14' title='bbox 1149 260 1296 291; x_wconf 75' lang='lat' dir='ltr'>dmninus</span> <span class='ocrx_word' id='word_1_15' title='bbox 1324 259 1461 290; x_wconf 75' lang='lat' dir='ltr'>lacobus</span> <span class='ocrx_word' id='word_1_16' title='bbox 1479 259 1518 289; x_wconf 85' lang='lat' dir='ltr'>dc</span> <span class='ocrx_word' id='word_1_17' title='bbox 1539 259 1642 290; x_wconf 84' lang='lat' dir='ltr'>Surdo</span> <span class='ocrx_word' id='word_1_18' title='bbox 1662 260 1774 290; x_wconf 86' lang='lat' dir='ltr'>consul</span> <span class='ocrx_word' id='word_1_19' title='bbox 1793 259 1972 290; x_wconf 84' lang='lat' dir='ltr'>eommunis</span> 
     </span>
     <span class='ocr_line' id='line_1_3' title="bbox 329 312 1973 354; baseline -0.002 -9"><span class='ocrx_word' id='word_1_20' title='bbox 329 317 487 345; x_wconf 68' lang='lat' dir='ltr'>(Jrcmone</span> <span class='ocrx_word' id='word_1_21' title='bbox 514 315 555 344; x_wconf 87' lang='lat' dir='ltr'>ibi</span> <span class='ocrx_word' id='word_1_22' title='bbox 581 314 675 344; x_wconf 81' lang='lat' dir='ltr'>dixit:</span> <span class='ocrx_word' id='word_1_23' title='bbox 706 313 789 354; x_wconf 80' lang='lat' dir='ltr'>quod</span> <span class='ocrx_word' id='word_1_24' title='bbox 819 314 950 345; x_wconf 80' lang='lat' dir='ltr'>nolebat</span> <span class='ocrx_word' id='word_1_25' title='bbox 974 325 1046 345; x_wconf 87' lang='lat' dir='ltr'>eum</span> <span class='ocrx_word' id='word_1_26' title='bbox 1072 315 1179 345; x_wconf 77' lang='lat' dir='ltr'>facere</span> <span class='ocrx_word' id='word_1_27' title='bbox 1204 313 1323 343; x_wconf 90' lang='lat' dir='ltr'>debere</span> <span class='ocrx_word' id='word_1_28' title='bbox 1356 313 1459 354; x_wconf 88' lang='lat' dir='ltr'>ipsum</span> <span class='ocrx_word' id='word_1_29' title='bbox 1491 316 1741 343; x_wconf 82' lang='lat' dir='ltr'>sacramentum.</span> <span class='ocrx_word' id='word_1_30' title='bbox 1789 312 1869 342; x_wconf 89' lang='lat' dir='ltr'>Cum</span> <span class='ocrx_word' id='word_1_31' title='bbox 1897 323 1973 343; x_wconf 84' lang='lat' dir='ltr'>vero</span> 
     </span>
     <span class='ocr_line' id='line_1_4' title="bbox 330 363 1973 407; baseline -0.002 -10"><span class='ocrx_word' id='word_1_32' title='bbox 330 368 412 397; x_wconf 83' lang='lat' dir='ltr'>idem</span> <span class='ocrx_word' id='word_1_33' title='bbox 445 366 593 396; x_wconf 79' lang='lat' dir='ltr'>dominus</span> <span class='ocrx_word' id='word_1_34' title='bbox 626 365 764 396; x_wconf 83' lang='lat' dir='ltr'>Iacobus</span> <span class='ocrx_word' id='word_1_35' title='bbox 796 377 836 396; x_wconf 81' lang='lat' dir='ltr'>cx</span> <span class='ocrx_word' id='word_1_36' title='bbox 868 369 1021 407; x_wconf 84' lang='lat' dir='ltr'>precepto</span> <span class='ocrx_word' id='word_1_37' title='bbox 1051 369 1082 396; x_wconf 86' lang='lat' dir='ltr'>et</span> <span class='ocrx_word' id='word_1_38' title='bbox 1113 365 1278 395; x_wconf 80' lang='lat' dir='ltr'>voluntate</span> <span class='ocrx_word' id='word_1_39' title='bbox 1311 364 1411 406; x_wconf 89' lang='lat' dir='ltr'>ipsius</span> <span class='ocrx_word' id='word_1_40' title='bbox 1441 363 1559 394; x_wconf 86' lang='lat' dir='ltr'>domini</span> <span class='ocrx_word' id='word_1_41' title='bbox 1591 363 1798 394; x_wconf 73' lang='lat' dir='ltr'>Druxhardia</span> <span class='ocrx_word' id='word_1_42' title='bbox 1831 363 1973 394; x_wconf 84' lang='lat' dir='ltr'>debebat</span> 
     </span>
     <span class='ocr_line' id='line_1_5' title="bbox 329 415 1972 459; baseline -0.001 -11"><span class='ocrx_word' id='word_1_43' title='bbox 329 419 433 449; x_wconf 68' lang='lat' dir='ltr'>facere</span> <span class='ocrx_word' id='word_1_44' title='bbox 465 428 576 459; x_wconf 80' lang='lat' dir='ltr'>pacem</span> <span class='ocrx_word' id='word_1_45' title='bbox 609 418 667 458; x_wconf 89' lang='lat' dir='ltr'>ipsi</span> <span class='ocrx_word' id='word_1_46' title='bbox 700 417 852 456; x_wconf 78' lang='lat' dir='ltr'>Ben‹;on0</span> <span class='ocrx_word' id='word_1_47' title='bbox 885 428 941 459; x_wconf 87' lang='lat' dir='ltr'>pro</span> <span class='ocrx_word' id='word_1_48' title='bbox 967 418 1094 455; x_wconf 67' lang='lat' dir='ltr'>Cronia,</span> <span class='ocrx_word' id='word_1_49' title='bbox 1126 417 1268 458; x_wconf 79' lang='lat' dir='ltr'>prefatus</span> <span class='ocrx_word' id='word_1_50' title='bbox 1298 416 1448 446; x_wconf 87' lang='lat' dir='ltr'>dominus</span> <span class='ocrx_word' id='word_1_51' title='bbox 1473 415 1613 446; x_wconf 77' lang='lat' dir='ltr'>Iacobus</span> <span class='ocrx_word' id='word_1_52' title='bbox 1643 415 1737 446; x_wconf 81' lang='lat' dir='ltr'>dixit:</span> <span class='ocrx_word' id='word_1_53' title='bbox 1775 415 1856 457; x_wconf 57' lang='lat' dir='ltr'>‘Ego</span> <span class='ocrx_word' id='word_1_54' title='bbox 1882 415 1972 446; x_wconf 87' lang='lat' dir='ltr'>vobis</span> 
     </span>
     <span class='ocr_line' id='line_1_6' title="bbox 327 467 1969 511; baseline -0.002 -11"><span class='ocrx_word' id='word_1_55' title='bbox 327 471 408 500; x_wconf 83' lang='lat' dir='ltr'>facio</span> <span class='ocrx_word' id='word_1_56' title='bbox 434 481 546 511; x_wconf 81' lang='lat' dir='ltr'>pacem</span> <span class='ocrx_word' id='word_1_57' title='bbox 570 469 666 500; x_wconf 85' lang='lat' dir='ltr'>salvis</span> <span class='ocrx_word' id='word_1_58' title='bbox 690 469 774 500; x_wconf 78' lang='lat' dir='ltr'>datis</span> <span class='ocrx_word' id='word_1_59' title='bbox 801 472 832 500; x_wconf 86' lang='lat' dir='ltr'>ct</span> <span class='ocrx_word' id='word_1_60' title='bbox 856 468 1119 500; x_wconf 78' lang='lat' dir='ltr'>concessionibus</span> <span class='ocrx_word' id='word_1_61' title='bbox 1145 468 1238 498; x_wconf 79' lang='lat' dir='ltr'>factis</span> <span class='ocrx_word' id='word_1_62' title='bbox 1264 479 1282 498; x_wconf 79' lang='lat' dir='ltr'>a</span> <span class='ocrx_word' id='word_1_63' title='bbox 1306 467 1433 498; x_wconf 89' lang='lat' dir='ltr'>domino</span> <span class='ocrx_word' id='word_1_64' title='bbox 1459 467 1653 508; x_wconf 76' lang='lat' dir='ltr'>imperatore</span> <span class='ocrx_word' id='word_1_65' title='bbox 1678 467 1969 498; x_wconf 74' lang='lat' dir='ltr'>Or01n0nensibus¹³</span> 
     </span>
     <span class='ocr_line' id='line_1_7' title="bbox 328 518 1975 560; baseline -0.002 -8"><span class='ocrx_word' id='word_1_66' title='bbox 328 523 366 552; x_wconf 86' lang='lat' dir='ltr'>de</span> <span class='ocrx_word' id='word_1_67' title='bbox 392 526 422 552; x_wconf 84' lang='lat' dir='ltr'>te</span> <span class='ocrx_word' id='word_1_68' title='bbox 448 526 479 552; x_wconf 92' lang='lat' dir='ltr'>et</span> <span class='ocrx_word' id='word_1_69' title='bbox 504 526 589 552; x_wconf 79' lang='lat' dir='ltr'>terra</span> <span class='ocrx_word' id='word_1_70' title='bbox 620 524 674 551; x_wconf 81' lang='lat' dir='ltr'>tua</span> <span class='ocrx_word' id='word_1_71' title='bbox 699 524 731 551; x_wconf 85' lang='lat' dir='ltr'>et</span> <span class='ocrx_word' id='word_1_72' title='bbox 755 520 793 551; x_wconf 89' lang='lat' dir='ltr'>de</span> <span class='ocrx_word' id='word_1_73' title='bbox 817 521 902 551; x_wconf 91' lang='lat' dir='ltr'>omni</span> <span class='ocrx_word' id='word_1_74' title='bbox 927 520 981 551; x_wconf 75' lang='lat' dir='ltr'>re&#39;.</span> <span class='ocrx_word' id='word_1_75' title='bbox 1039 520 1081 550; x_wconf 84' lang='lat' dir='ltr'>Et</span> <span class='ocrx_word' id='word_1_76' title='bbox 1112 520 1259 550; x_wconf 91' lang='lat' dir='ltr'>dominus</span> <span class='ocrx_word' id='word_1_77' title='bbox 1284 518 1520 549; x_wconf 70' lang='lat' dir='ltr'>Druxhardus³²</span> <span class='ocrx_word' id='word_1_78' title='bbox 1554 519 1731 560; x_wconf 81' lang='lat' dir='ltr'>respondit:</span> <span class='ocrx_word' id='word_1_79' title='bbox 1768 518 1820 549; x_wconf 56' lang='lat' dir='ltr'>‘Et</span> <span class='ocrx_word' id='word_1_80' title='bbox 1844 530 1904 559; x_wconf 80' lang='lat' dir='ltr'>ego</span> <span class='ocrx_word' id='word_1_81' title='bbox 1930 519 1975 548; x_wconf 75' lang='lat' dir='ltr'>ita</span> 
     </span>
     <span class='ocr_line' id='line_1_8' title="bbox 330 571 1341 605; baseline -0.003 -2"><span class='ocrx_word' id='word_1_82' title='bbox 330 574 400 605; x_wconf 86' lang='lat' dir='ltr'>dico</span> <span class='ocrx_word' id='word_1_83' title='bbox 426 577 457 603; x_wconf 89' lang='lat' dir='ltr'>et</span> <span class='ocrx_word' id='word_1_84' title='bbox 483 572 573 604; x_wconf 71' lang='lat' dir='ltr'>volo‘.</span> <span class='ocrx_word' id='word_1_85' title='bbox 621 572 662 603; x_wconf 83' lang='lat' dir='ltr'>Et</span> <span class='ocrx_word' id='word_1_86' title='bbox 686 572 730 602; x_wconf 79' lang='lat' dir='ltr'>ita</span> <span class='ocrx_word' id='word_1_87' title='bbox 755 571 840 603; x_wconf 86' lang='lat' dir='ltr'>idem</span> <span class='ocrx_word' id='word_1_88' title='bbox 865 571 1014 602; x_wconf 88' lang='lat' dir='ltr'>dominus</span> <span class='ocrx_word' id='word_1_89' title='bbox 1039 571 1176 602; x_wconf 73' lang='lat' dir='ltr'>Iacobus</span> <span class='ocrx_word' id='word_1_90' title='bbox 1202 571 1231 601; x_wconf 91' lang='lat' dir='ltr'>ei</span> <span class='ocrx_word' id='word_1_91' title='bbox 1256 571 1341 601; x_wconf 87' lang='lat' dir='ltr'>fecit.</span> 
     </span>
    </p>

    <p class='ocr_par' dir='ltr' id='par_1_3' title="bbox 431 621 1973 666">
     <span class='ocr_line' id='line_1_9' title="bbox 431 621 1973 666; baseline -0.003 -10"><span class='ocrx_word' id='word_1_92' title='bbox 431 626 477 666; x_wconf 58' lang='lat'>[5-</span> <span class='ocrx_word' id='word_1_93' title='bbox 496 624 550 663; x_wconf 87' lang='lat' dir='ltr'>N.)</span> <span class='ocrx_word' id='word_1_94' title='bbox 578 624 645 664; x_wconf 75' lang='lat' dir='ltr'>Ego</span> <span class='ocrx_word' id='word_1_95' title='bbox 664 624 824 654; x_wconf 75' lang='lat' dir='ltr'>Robertus</span> <span class='ocrx_word' id='word_1_96' title='bbox 843 623 1038 665; x_wconf 79' lang='lat' dir='ltr'>saeripalatii</span> <span class='ocrx_word' id='word_1_97' title='bbox 1058 623 1201 653; x_wconf 87' lang='lat' dir='ltr'>notarius</span> <span class='ocrx_word' id='word_1_98' title='bbox 1221 622 1269 652; x_wconf 84' lang='lat' dir='ltr'>liis</span> <span class='ocrx_word' id='word_1_99' title='bbox 1288 622 1417 652; x_wconf 81' lang='lat' dir='ltr'>interfui</span> <span class='ocrx_word' id='word_1_100' title='bbox 1434 625 1465 652; x_wconf 89' lang='lat' dir='ltr'>et</span> <span class='ocrx_word' id='word_1_101' title='bbox 1489 622 1571 652; x_wconf 78' lang='lat' dir='ltr'>hane</span> <span class='ocrx_word' id='word_1_102' title='bbox 1590 625 1708 652; x_wconf 78' lang='lat' dir='ltr'>cartam</span> <span class='ocrx_word' id='word_1_103' title='bbox 1730 621 1769 652; x_wconf 87' lang='lat' dir='ltr'>de</span> <span class='ocrx_word' id='word_1_104' title='bbox 1788 621 1835 652; x_wconf 88' lang='lat' dir='ltr'>his</span> <span class='ocrx_word' id='word_1_105' title='bbox 1853 622 1973 662; x_wconf 77' lang='lat' dir='ltr'>scripsi.</span> 
     </span>
    </p>
   </div>
   <div class='ocr_carea' id='block_1_3' title="bbox 327 767 1978 975">
    <p class='ocr_par' dir='ltr' id='par_1_4' title="bbox 328 767 1973 801">
     <span class='ocr_line' id='line_1_10' title="bbox 328 767 1973 801; baseline 0.001 -3"><span class='ocrx_word' id='word_1_106' title='bbox 328 770 404 801; x_wconf 72' lang='lat'>362.</span> <span class='ocrx_word' id='word_1_107' title='bbox 434 770 652 801; x_wconf 68' lang='lat' dir='ltr'>DECLAHA</span> <span class='ocrx_word' id='word_1_108' title='bbox 663 770 711 800; x_wconf 84' lang='lat' dir='ltr'>TI</span> <span class='ocrx_word' id='word_1_109' title='bbox 713 772 737 800; x_wconf 75' lang='grc' dir='ltr'><strong><em>Ο</em></strong></span> <span class='ocrx_word' id='word_1_110' title='bbox 766 769 945 801; x_wconf 71' lang='lat' dir='ltr'><em>LEGATI</em></span> <span class='ocrx_word' id='word_1_111' title='bbox 964 769 1031 800; x_wconf 81' lang='lat' dir='ltr'>DE</span> <span class='ocrx_word' id='word_1_112' title='bbox 1054 769 1213 800; x_wconf 67' lang='lat' dir='ltr'><em>CREMA</em></span> <span class='ocrx_word' id='word_1_113' title='bbox 1240 768 1302 799; x_wconf 72' lang='lat' dir='ltr'>ET</span> <span class='ocrx_word' id='word_1_114' title='bbox 1322 768 1495 800; x_wconf 76' lang='lat' dir='ltr'><em>INSULA</em></span> <span class='ocrx_word' id='word_1_115' title='bbox 1511 768 1784 800; x_wconf 71' lang='lat' dir='ltr'><em>FULCJIERII.</em></span> <span class='ocrx_word' id='word_1_116' title='bbox 1823 767 1905 798; x_wconf 62' lang='lat' dir='ltr'>Mai.</span> <span class='ocrx_word' id='word_1_117' title='bbox 1924 769 1973 799; x_wconf 82' lang='lat'>17.</span> 
     </span>
    </p>

    <p class='ocr_par' dir='ltr' id='par_1_5' title="bbox 327 828 1978 975">
     <span class='ocr_line' id='line_1_11' title="bbox 435 828 1976 870; baseline -0.002 -10"><span class='ocrx_word' id='word_1_118' title='bbox 435 830 529 860; x_wconf 63' lang='lat' dir='ltr'>Dedit</span> <span class='ocrx_word' id='word_1_119' title='bbox 554 830 790 870; x_wconf 49' lang='lat' dir='ltr'>I‘Ioltlcr-Jasrsglur</span> <span class='ocrx_word' id='word_1_120' title='bbox 814 841 852 859; x_wconf 66' lang='lat' dir='ltr'>m:</span> <span class='ocrx_word' id='word_1_121' title='bbox 875 829 1065 869; x_wconf 67' lang='lat' dir='ltr'>(tutoympleo</span> <span class='ocrx_word' id='word_1_122' title='bbox 1090 829 1242 859; x_wconf 67' lang='lat' dir='ltr'>tabularii</span> <span class='ocrx_word' id='word_1_123' title='bbox 1262 828 1478 859; x_wconf 52' lang='lat' dir='ltr'>Cremonensis</span> <span class='ocrx_word' id='word_1_124' title='bbox 1500 828 1678 867; x_wconf 64' lang='lat' dir='ltr'>si5111.24·15</span> <span class='ocrx_word' id='word_1_125' title='bbox 1702 829 1750 867; x_wconf 85' lang='lat' dir='ltr'>(J.</span> <span class='ocrx_word' id='word_1_126' title='bbox 1768 830 1809 858; x_wconf 58' lang='lat'>41</span> <span class='ocrx_word' id='word_1_127' title='bbox 1826 828 1872 866; x_wconf 81' lang='lat' dir='ltr'>I),</span> <span class='ocrx_word' id='word_1_128' title='bbox 1896 829 1976 867; x_wconf 71' lang='lat' dir='ltr'>qued</span> 
     </span>
     <span class='ocr_line' id='line_1_12' title="bbox 328 879 1978 918; baseline -0.001 -6"><span class='ocrx_word' id='word_1_129' title='bbox 328 883 421 913; x_wconf 74' lang='lat' dir='ltr'>lincis</span> <span class='ocrx_word' id='word_1_130' title='bbox 443 886 484 912; x_wconf 66' lang='lat'>:33</span> <span class='ocrx_word' id='word_1_131' title='bbox 515 884 680 913; x_wconf 60' lang='lat' dir='ltr'>cumulum</span> <span class='ocrx_word' id='word_1_132' title='bbox 708 884 752 912; x_wconf 68' lang='lat' dir='ltr'>cst</span> <span class='ocrx_word' id='word_1_133' title='bbox 782 882 885 912; x_wconf 65' lang='lat' dir='ltr'>cedma</span> <span class='ocrx_word' id='word_1_134' title='bbox 915 891 1011 911; x_wconf 73' lang='lat' dir='ltr'>mmm</span> <span class='ocrx_word' id='word_1_135' title='bbox 1041 892 1076 911; x_wconf 69' lang='grc' dir='ltr'>(ιο</span> <span class='ocrx_word' id='word_1_136' title='bbox 1100 891 1148 911; x_wconf 69' lang='grc' dir='ltr'>νιν,</span> <span class='ocrx_word' id='word_1_137' title='bbox 1171 883 1233 911; x_wconf 64' lang='grc'>561]</span> <span class='ocrx_word' id='word_1_138' title='bbox 1257 882 1283 911; x_wconf 70' lang='grc' dir='ltr'>σί</span> <span class='ocrx_word' id='word_1_139' title='bbox 1306 882 1380 912; x_wconf 61' lang='grc'>361.</span> <span class='ocrx_word' id='word_1_140' title='bbox 1424 879 1476 910; x_wconf 64' lang='lat' dir='ltr'>Ec</span> <span class='ocrx_word' id='word_1_141' title='bbox 1504 879 1602 910; x_wconf 70' lang='lat' dir='ltr'>codem</span> <span class='ocrx_word' id='word_1_142' title='bbox 1632 880 1723 918; x_wconf 68' lang='lat' dir='ltr'>prins</span> <span class='ocrx_word' id='word_1_143' title='bbox 1747 879 1842 910; x_wconf 69' lang='lat' dir='ltr'>edidit</span> <span class='ocrx_word' id='word_1_144' title='bbox 1868 879 1978 910; x_wconf 63' lang='lat' dir='ltr'>Tocslw</span> 
     </span>
     <span class='ocr_line' id='line_1_13' title="bbox 327 931 1875 975; baseline -0.002 -11"><span class='ocrx_word' id='word_1_145' title='bbox 327 936 345 965; x_wconf 80' lang='lat' dir='ltr'>l.</span> <span class='ocrx_word' id='word_1_146' title='bbox 369 946 392 965; x_wconf 76' lang='lat' dir='ltr'>c.</span> <span class='ocrx_word' id='word_1_147' title='bbox 412 946 444 975; x_wconf 65' lang='grc' dir='ltr'>μ.</span> <span class='ocrx_word' id='word_1_148' title='bbox 462 937 523 966; x_wconf 56' lang='grc'>0731)</span> <span class='ocrx_word' id='word_1_149' title='bbox 549 944 596 966; x_wconf 58' lang='grc' dir='ltr'>μιν.</span> <span class='ocrx_word' id='word_1_150' title='bbox 613 937 663 964; x_wconf 60' lang='grc'>38.</span> <span class='ocrx_word' id='word_1_151' title='bbox 1698 931 1751 971; x_wconf 83' lang='lat' dir='ltr'>(P.</span> <span class='ocrx_word' id='word_1_152' title='bbox 1769 931 1875 972; x_wconf 64' lang='lat' dir='ltr'>claust.)</span> 
     </span>
    </p>
   </div>
   <div class='ocr_carea' id='block_1_4' title="bbox 327 1026 1978 1379">
    <p class='ocr_par' dir='ltr' id='par_1_6' title="bbox 327 1026 1978 1379">
     <span class='ocr_line' id='line_1_14' title="bbox 433 1026 1975 1070; baseline -0.002 -10"><span class='ocrx_word' id='word_1_153' title='bbox 433 1029 479 1070; x_wconf 55' lang='lat' dir='ltr'>(S.</span> <span class='ocrx_word' id='word_1_154' title='bbox 497 1029 550 1069; x_wconf 77' lang='lat' dir='ltr'>N.)</span> <span class='ocrx_word' id='word_1_155' title='bbox 577 1029 671 1059; x_wconf 79' lang='lat' dir='ltr'>Anno</span> <span class='ocrx_word' id='word_1_156' title='bbox 698 1028 737 1059; x_wconf 81' lang='lat' dir='ltr'>ab</span> <span class='ocrx_word' id='word_1_157' title='bbox 762 1028 982 1058; x_wconf 74' lang='lat' dir='ltr'>incarnatione</span> <span class='ocrx_word' id='word_1_158' title='bbox 1008 1027 1127 1058; x_wconf 87' lang='lat' dir='ltr'>domini</span> <span class='ocrx_word' id='word_1_159' title='bbox 1153 1027 1252 1057; x_wconf 87' lang='lat' dir='ltr'>nostri</span> <span class='ocrx_word' id='word_1_160' title='bbox 1274 1027 1347 1057; x_wconf 87' lang='lat' dir='ltr'>Iesu</span> <span class='ocrx_word' id='word_1_161' title='bbox 1367 1026 1487 1057; x_wconf 80' lang='lat' dir='ltr'>Christi</span> <span class='ocrx_word' id='word_1_162' title='bbox 1505 1027 1663 1057; x_wconf 87' lang='lat' dir='ltr'>milesimo</span> <span class='ocrx_word' id='word_1_163' title='bbox 1682 1027 1858 1057; x_wconf 87' lang='lat' dir='ltr'>centesimo</span> <span class='ocrx_word' id='word_1_164' title='bbox 1878 1038 1975 1057; x_wconf 80' lang='lat' dir='ltr'>nona-</span> 
     </span>
     <span class='ocr_line' id='line_1_15' title="bbox 327 1078 1977 1123; baseline -0.002 -11"><span class='ocrx_word' id='word_1_165' title='bbox 327 1082 451 1123; x_wconf 71' lang='lat' dir='ltr'>gesimo</span> <span class='ocrx_word' id='word_1_166' title='bbox 491 1085 613 1122; x_wconf 64' lang='lat' dir='ltr'>quarto„</span> <span class='ocrx_word' id='word_1_167' title='bbox 646 1080 818 1111; x_wconf 80' lang='lat' dir='ltr'>indictione</span> <span class='ocrx_word' id='word_1_168' title='bbox 853 1079 1054 1117; x_wconf 69' lang='lat' dir='ltr'>duodecima,</span> <span class='ocrx_word' id='word_1_169' title='bbox 1093 1079 1143 1109; x_wconf 88' lang='lat' dir='ltr'>die</span> <span class='ocrx_word' id='word_1_170' title='bbox 1177 1078 1289 1109; x_wconf 82' lang='lat' dir='ltr'>Martis</span> <span class='ocrx_word' id='word_1_171' title='bbox 1326 1078 1566 1119; x_wconf 86' lang='lat' dir='ltr'>quintodecimo</span> <span class='ocrx_word' id='word_1_172' title='bbox 1598 1082 1741 1109; x_wconf 81' lang='lat' dir='ltr'>exeunte</span> <span class='ocrx_word' id='word_1_173' title='bbox 1774 1078 1893 1109; x_wconf 81' lang='lat' dir='ltr'>Madio.</span> <span class='ocrx_word' id='word_1_174' title='bbox 1940 1079 1977 1109; x_wconf 88' lang='lat' dir='ltr'>In</span> 
     </span>
     <span class='ocr_line' id='line_1_16' title="bbox 327 1130 1973 1175; baseline -0.002 -11"><span class='ocrx_word' id='word_1_175' title='bbox 327 1134 447 1175; x_wconf 83' lang='lat' dir='ltr'>palatio</span> <span class='ocrx_word' id='word_1_176' title='bbox 473 1133 614 1174; x_wconf 85' lang='lat' dir='ltr'>episcopi</span> <span class='ocrx_word' id='word_1_177' title='bbox 641 1132 764 1165; x_wconf 71' lang='lat' dir='ltr'>Laude,</span> <span class='ocrx_word' id='word_1_178' title='bbox 795 1131 962 1172; x_wconf 81' lang='lat' dir='ltr'>presentia</span> <span class='ocrx_word' id='word_1_179' title='bbox 987 1130 1105 1161; x_wconf 86' lang='lat' dir='ltr'>domini</span> <span class='ocrx_word' id='word_1_180' title='bbox 1131 1131 1236 1161; x_wconf 82' lang='lat' dir='ltr'>Asaiti</span> <span class='ocrx_word' id='word_1_181' title='bbox 1266 1130 1305 1161; x_wconf 87' lang='lat' dir='ltr'>de</span> <span class='ocrx_word' id='word_1_182' title='bbox 1331 1130 1452 1161; x_wconf 75' lang='lat' dir='ltr'>Sancto</span> <span class='ocrx_word' id='word_1_183' title='bbox 1476 1130 1614 1169; x_wconf 56' lang='lat' dir='ltr'>Nagario</span> <span class='ocrx_word' id='word_1_184' title='bbox 1640 1134 1671 1161; x_wconf 88' lang='lat' dir='ltr'>ct</span> <span class='ocrx_word' id='word_1_185' title='bbox 1688 1130 1839 1161; x_wconf 78' lang='lat' dir='ltr'>Walterii</span> <span class='ocrx_word' id='word_1_186' title='bbox 1864 1130 1973 1169; x_wconf 68' lang='lat' dir='ltr'>Meca-</span> 
     </span>
     <span class='ocr_line' id='line_1_17' title="bbox 327 1182 1978 1226; baseline -0.002 -10"><span class='ocrx_word' id='word_1_187' title='bbox 327 1186 427 1216; x_wconf 85' lang='lat' dir='ltr'>barbe</span> <span class='ocrx_word' id='word_1_188' title='bbox 462 1185 500 1215; x_wconf 87' lang='lat' dir='ltr'>de</span> <span class='ocrx_word' id='word_1_189' title='bbox 526 1185 628 1226; x_wconf 79' lang='lat' dir='ltr'>Papia</span> <span class='ocrx_word' id='word_1_190' title='bbox 660 1188 691 1214; x_wconf 88' lang='lat' dir='ltr'>et</span> <span class='ocrx_word' id='word_1_191' title='bbox 721 1183 847 1214; x_wconf 87' lang='lat' dir='ltr'>Airoldi</span> <span class='ocrx_word' id='word_1_192' title='bbox 878 1183 1058 1214; x_wconf 81' lang='lat' dir='ltr'>I’ocalodhi</span> <span class='ocrx_word' id='word_1_193' title='bbox 1097 1183 1135 1214; x_wconf 90' lang='lat' dir='ltr'>de</span> <span class='ocrx_word' id='word_1_194' title='bbox 1166 1182 1278 1213; x_wconf 77' lang='lat' dir='ltr'>Laude</span> <span class='ocrx_word' id='word_1_195' title='bbox 1311 1186 1342 1213; x_wconf 87' lang='lat' dir='ltr'>et</span> <span class='ocrx_word' id='word_1_196' title='bbox 1381 1182 1524 1223; x_wconf 80' lang='lat' dir='ltr'>magistri</span> <span class='ocrx_word' id='word_1_197' title='bbox 1557 1182 1679 1223; x_wconf 85' lang='lat' dir='ltr'>Ugonis</span> <span class='ocrx_word' id='word_1_198' title='bbox 1710 1183 1825 1213; x_wconf 83' lang='lat' dir='ltr'>notarii</span> <span class='ocrx_word' id='word_1_199' title='bbox 1859 1182 1978 1213; x_wconf 85' lang='lat' dir='ltr'>domini</span> 
     </span>
     <span class='ocr_line' id='line_1_18' title="bbox 327 1234 1977 1276; baseline -0.001 -9"><span class='ocrx_word' id='word_1_200' title='bbox 327 1236 516 1268; x_wconf 84' lang='lat' dir='ltr'>Drushardi.</span> <span class='ocrx_word' id='word_1_201' title='bbox 606 1236 773 1267; x_wconf 81' lang='lat' dir='ltr'>l&#39;redictus</span> <span class='ocrx_word' id='word_1_202' title='bbox 799 1235 947 1266; x_wconf 86' lang='lat' dir='ltr'>dominus</span> <span class='ocrx_word' id='word_1_203' title='bbox 971 1235 1204 1266; x_wconf 77' lang='lat' dir='ltr'>Drushardusa</span> <span class='ocrx_word' id='word_1_204' title='bbox 1229 1234 1405 1276; x_wconf 79' lang='lat' dir='ltr'>imperialis</span> <span class='ocrx_word' id='word_1_205' title='bbox 1424 1234 1498 1265; x_wconf 82' lang='lat' dir='ltr'>aule</span> <span class='ocrx_word' id='word_1_206' title='bbox 1516 1234 1643 1275; x_wconf 82' lang='lat' dir='ltr'>legatus</span> <span class='ocrx_word' id='word_1_207' title='bbox 1661 1235 1758 1265; x_wconf 78' lang='lat' dir='ltr'>talem</span> <span class='ocrx_word' id='word_1_208' title='bbox 1776 1234 1977 1265; x_wconf 86' lang='lat' dir='ltr'>intellectum</span> 
     </span>
     <span class='ocr_line' id='line_1_19' title="bbox 327 1285 1975 1321; baseline -0.002 -2"><span class='ocrx_word' id='word_1_209' title='bbox 327 1293 359 1319; x_wconf 90' lang='lat' dir='ltr'>et</span> <span class='ocrx_word' id='word_1_210' title='bbox 385 1288 651 1319; x_wconf 88' lang='lat' dir='ltr'>intendimentum</span> <span class='ocrx_word' id='word_1_211' title='bbox 678 1287 766 1318; x_wconf 81' lang='lat' dir='ltr'>dedit</span> <span class='ocrx_word' id='word_1_212' title='bbox 791 1287 918 1318; x_wconf 88' lang='lat' dir='ltr'>domino</span> <span class='ocrx_word' id='word_1_213' title='bbox 944 1287 1081 1317; x_wconf 84' lang='lat' dir='ltr'>Albcrto</span> <span class='ocrx_word' id='word_1_214' title='bbox 1108 1287 1147 1317; x_wconf 91' lang='lat' dir='ltr'>dc</span> <span class='ocrx_word' id='word_1_215' title='bbox 1174 1287 1306 1317; x_wconf 68' lang='lat' dir='ltr'>Summo</span> <span class='ocrx_word' id='word_1_216' title='bbox 1341 1290 1373 1317; x_wconf 87' lang='lat' dir='ltr'>et</span> <span class='ocrx_word' id='word_1_217' title='bbox 1397 1286 1525 1316; x_wconf 86' lang='lat' dir='ltr'>domino</span> <span class='ocrx_word' id='word_1_218' title='bbox 1550 1286 1670 1316; x_wconf 82' lang='lat' dir='ltr'>Iacobo</span> <span class='ocrx_word' id='word_1_219' title='bbox 1695 1285 1734 1316; x_wconf 88' lang='lat' dir='ltr'>de</span> <span class='ocrx_word' id='word_1_220' title='bbox 1760 1286 1873 1321; x_wconf 74' lang='lat' dir='ltr'>Surdo„</span> <span class='ocrx_word' id='word_1_221' title='bbox 1899 1297 1975 1317; x_wconf 90' lang='lat' dir='ltr'>eon-</span> 
     </span>
     <span class='ocr_line' id='line_1_20' title="bbox 327 1337 1975 1379; baseline -0.002 -8"><span class='ocrx_word' id='word_1_222' title='bbox 327 1341 450 1371; x_wconf 89' lang='lat' dir='ltr'>sulibus</span> <span class='ocrx_word' id='word_1_223' title='bbox 476 1340 621 1371; x_wconf 87' lang='lat' dir='ltr'>comunis</span> <span class='ocrx_word' id='word_1_224' title='bbox 648 1340 817 1373; x_wconf 76' lang='lat' dir='ltr'>Cremone,</span> <span class='ocrx_word' id='word_1_225' title='bbox 849 1342 880 1369; x_wconf 82' lang='lat' dir='ltr'>et</span> <span class='ocrx_word' id='word_1_226' title='bbox 905 1339 1034 1369; x_wconf 90' lang='lat' dir='ltr'>domino</span> <span class='ocrx_word' id='word_1_227' title='bbox 1060 1338 1256 1376; x_wconf 67' lang='lat' dir='ltr'>Heneelerio</span> <span class='ocrx_word' id='word_1_228' title='bbox 1287 1338 1326 1369; x_wconf 84' lang='lat' dir='ltr'>dc</span> <span class='ocrx_word' id='word_1_229' title='bbox 1352 1338 1484 1379; x_wconf 67' lang='lat' dir='ltr'>Burgob</span> <span class='ocrx_word' id='word_1_230' title='bbox 1510 1341 1541 1369; x_wconf 87' lang='lat' dir='ltr'>et</span> <span class='ocrx_word' id='word_1_231' title='bbox 1567 1337 1697 1368; x_wconf 90' lang='lat' dir='ltr'>domino</span> <span class='ocrx_word' id='word_1_232' title='bbox 1723 1337 1910 1369; x_wconf 82' lang='lat' dir='ltr'>Talamacio</span> <span class='ocrx_word' id='word_1_233' title='bbox 1935 1338 1975 1369; x_wconf 90' lang='lat' dir='ltr'>de</span> 
     </span>
    </p>
   </div>
   <div class='ocr_carea' id='block_1_5' title="bbox 328 1390 2012 1431">
    <p class='ocr_par' dir='ltr' id='par_1_7' title="bbox 328 1390 2012 1431">
     <span class='ocr_line' id='line_1_21' title="bbox 328 1390 2012 1431; baseline -0.002 -8"><span class='ocrx_word' id='word_1_234' title='bbox 328 1392 504 1424; x_wconf 78' lang='lat' dir='ltr'>Gaidoldis.</span> <span class='ocrx_word' id='word_1_235' title='bbox 538 1404 594 1423; x_wconf 89' lang='lat' dir='ltr'>suo</span> <span class='ocrx_word' id='word_1_236' title='bbox 627 1392 755 1422; x_wconf 88' lang='lat' dir='ltr'>nomine</span> <span class='ocrx_word' id='word_1_237' title='bbox 788 1395 819 1421; x_wconf 89' lang='lat' dir='ltr'>et</span> <span class='ocrx_word' id='word_1_238' title='bbox 850 1391 992 1421; x_wconf 89' lang='lat' dir='ltr'>comunis</span> <span class='ocrx_word' id='word_1_239' title='bbox 1018 1395 1048 1421; x_wconf 89' lang='lat' dir='ltr'>et</span> <span class='ocrx_word' id='word_1_240' title='bbox 1072 1391 1212 1421; x_wconf 87' lang='lat' dir='ltr'>omnium</span> <span class='ocrx_word' id='word_1_241' title='bbox 1244 1390 1406 1420; x_wconf 90' lang='lat' dir='ltr'>hominum</span> <span class='ocrx_word' id='word_1_242' title='bbox 1432 1390 1589 1421; x_wconf 86' lang='lat' dir='ltr'>Cremone</span> <span class='ocrx_word' id='word_1_243' title='bbox 1615 1393 1647 1420; x_wconf 89' lang='lat' dir='ltr'>ct</span> <span class='ocrx_word' id='word_1_244' title='bbox 1672 1390 1887 1431; x_wconf 62' lang='lat' dir='ltr'>episcopatusq</span> <span class='ocrx_word' id='word_1_245' title='bbox 1917 1390 1970 1431; x_wconf 91' lang='lat' dir='ltr'>qui</span> <span class='ocrx_word' id='word_1_246' title='bbox 2002 1395 2012 1412; x_wconf 76' lang='lat'>‘2</span> 
     </span>
    </p>
   </div>
   <div class='ocr_carea' id='block_1_6' title="bbox 327 1441 1972 1641">
    <p class='ocr_par' dir='ltr' id='par_1_8' title="bbox 327 1441 1972 1641">
     <span class='ocr_line' id='line_1_22' title="bbox 328 1441 1970 1485; baseline -0.001 -11"><span class='ocrx_word' id='word_1_247' title='bbox 328 1444 447 1475; x_wconf 82' lang='lat' dir='ltr'>debent</span> <span class='ocrx_word' id='word_1_248' title='bbox 471 1444 576 1475; x_wconf 86' lang='lat' dir='ltr'>iurare</span> <span class='ocrx_word' id='word_1_249' title='bbox 602 1455 713 1485; x_wconf 78' lang='lat' dir='ltr'>pacem</span> <span class='ocrx_word' id='word_1_250' title='bbox 739 1447 770 1474; x_wconf 81' lang='lat' dir='ltr'>et</span> <span class='ocrx_word' id='word_1_251' title='bbox 794 1444 889 1474; x_wconf 81' lang='lat' dir='ltr'>tinem</span> <span class='ocrx_word' id='word_1_252' title='bbox 909 1446 940 1473; x_wconf 84' lang='lat' dir='ltr'>et</span> <span class='ocrx_word' id='word_1_253' title='bbox 958 1443 1029 1480; x_wconf 84' lang='lat' dir='ltr'>alia,</span> <span class='ocrx_word' id='word_1_254' title='bbox 1056 1453 1116 1483; x_wconf 87' lang='lat' dir='ltr'>quc</span> <span class='ocrx_word' id='word_1_255' title='bbox 1135 1443 1166 1472; x_wconf 89' lang='lat' dir='ltr'>in</span> <span class='ocrx_word' id='word_1_256' title='bbox 1184 1442 1273 1473; x_wconf 90' lang='lat' dir='ltr'>brevi</span> <span class='ocrx_word' id='word_1_257' title='bbox 1292 1441 1452 1473; x_wconf 81' lang='lat' dir='ltr'>Vercellis</span> <span class='ocrx_word' id='word_1_258' title='bbox 1470 1442 1509 1473; x_wconf 79' lang='lat' dir='ltr'>ab</span> <span class='ocrx_word' id='word_1_259' title='bbox 1528 1442 1597 1483; x_wconf 92' lang='lat' dir='ltr'>ipso</span> <span class='ocrx_word' id='word_1_260' title='bbox 1616 1441 1742 1472; x_wconf 86' lang='lat' dir='ltr'>domino</span> <span class='ocrx_word' id='word_1_261' title='bbox 1761 1441 1970 1472; x_wconf 74' lang='lat' dir='ltr'>Drusliardoa</span> 
     </span>
     <span class='ocr_line' id='line_1_23' title="bbox 327 1493 1972 1537; baseline -0.001 -11"><span class='ocrx_word' id='word_1_262' title='bbox 327 1497 472 1527; x_wconf 76' lang='lat' dir='ltr'>ordinato</span> <span class='ocrx_word' id='word_1_263' title='bbox 498 1497 690 1531; x_wconf 71' lang='lat' dir='ltr'>continetur,</span> <span class='ocrx_word' id='word_1_264' title='bbox 716 1500 747 1525; x_wconf 92' lang='lat' dir='ltr'>et</span> <span class='ocrx_word' id='word_1_265' title='bbox 771 1506 866 1537; x_wconf 82' lang='lat' dir='ltr'>supra</span> <span class='ocrx_word' id='word_1_266' title='bbox 893 1494 976 1536; x_wconf 84' lang='lat' dir='ltr'>quod</span> <span class='ocrx_word' id='word_1_267' title='bbox 1003 1494 1099 1525; x_wconf 86' lang='lat' dir='ltr'>breve</span> <span class='ocrx_word' id='word_1_268' title='bbox 1125 1494 1220 1535; x_wconf 80' lang='lat' dir='ltr'>paulo</span> <span class='ocrx_word' id='word_1_269' title='bbox 1246 1500 1360 1535; x_wconf 83' lang='lat' dir='ltr'>postca</span> <span class='ocrx_word' id='word_1_270' title='bbox 1384 1494 1473 1524; x_wconf 90' lang='lat' dir='ltr'>iussu</span> <span class='ocrx_word' id='word_1_271' title='bbox 1497 1494 1613 1535; x_wconf 83' lang='lat' dir='ltr'>prefati</span> <span class='ocrx_word' id='word_1_272' title='bbox 1632 1493 1972 1524; x_wconf 71' lang='lat' dir='ltr'>d0111iniDrusl1a1-di2</span> 
     </span>
     <span class='ocr_line' id='line_1_24' title="bbox 328 1545 1970 1589; baseline -0.002 -10"><span class='ocrx_word' id='word_1_273' title='bbox 328 1553 359 1579; x_wconf 88' lang='lat' dir='ltr'>ct</span> <span class='ocrx_word' id='word_1_274' title='bbox 383 1548 442 1579; x_wconf 55' lang='lat' dir='ltr'>adu</span> <span class='ocrx_word' id='word_1_275' title='bbox 467 1548 535 1579; x_wconf 88' lang='lat' dir='ltr'>eius</span> <span class='ocrx_word' id='word_1_276' title='bbox 562 1549 758 1578; x_wconf 76' lang='lat' dir='ltr'>voluntatem</span> <span class='ocrx_word' id='word_1_277' title='bbox 789 1547 923 1589; x_wconf 85' lang='lat' dir='ltr'>predicti</span> <span class='ocrx_word' id='word_1_278' title='bbox 949 1546 1187 1577; x_wconf 84' lang='lat' dir='ltr'>Cremonenses</span> <span class='ocrx_word' id='word_1_279' title='bbox 1212 1547 1410 1578; x_wconf 79' lang='lat' dir='ltr'>iuraverunt.</span> <span class='ocrx_word' id='word_1_280' title='bbox 1440 1545 1591 1576; x_wconf 82' lang='lat' dir='ltr'>videlicet</span> <span class='ocrx_word' id='word_1_281' title='bbox 1615 1545 1699 1587; x_wconf 91' lang='lat' dir='ltr'>quod</span> <span class='ocrx_word' id='word_1_282' title='bbox 1731 1546 1836 1587; x_wconf 86' lang='lat' dir='ltr'>ipsum</span> <span class='ocrx_word' id='word_1_283' title='bbox 1862 1557 1970 1576; x_wconf 80' lang='lat' dir='ltr'>sacra-</span> 
     </span>
     <span class='ocr_line' id='line_1_25' title="bbox 330 1597 1972 1641; baseline -0.001 -11"><span class='ocrx_word' id='word_1_284' title='bbox 330 1604 471 1630; x_wconf 84' lang='lat' dir='ltr'>mentum</span> <span class='ocrx_word' id='word_1_285' title='bbox 498 1600 546 1630; x_wconf 89' lang='lat' dir='ltr'>vel</span> <span class='ocrx_word' id='word_1_286' title='bbox 573 1611 635 1641; x_wconf 80' lang='lat' dir='ltr'>pax</span> <span class='ocrx_word' id='word_1_287' title='bbox 661 1600 711 1630; x_wconf 76' lang='lat' dir='ltr'>vel</span> <span class='ocrx_word' id='word_1_288' title='bbox 737 1599 807 1630; x_wconf 86' lang='lat' dir='ltr'>finis</span> <span class='ocrx_word' id='word_1_289' title='bbox 833 1599 881 1629; x_wconf 82' lang='lat' dir='ltr'>vel</span> <span class='ocrx_word' id='word_1_290' title='bbox 907 1599 1077 1639; x_wconf 80' lang='lat' dir='ltr'>promissio</span> <span class='ocrx_word' id='word_1_291' title='bbox 1097 1599 1147 1629; x_wconf 81' lang='lat' dir='ltr'>vel</span> <span class='ocrx_word' id='word_1_292' title='bbox 1172 1597 1292 1639; x_wconf 82' lang='lat' dir='ltr'>aliquid</span> <span class='ocrx_word' id='word_1_293' title='bbox 1316 1598 1412 1636; x_wconf 66' lang='lat' dir='ltr'>aliud,</span> <span class='ocrx_word' id='word_1_294' title='bbox 1437 1597 1521 1639; x_wconf 88' lang='lat' dir='ltr'>quod</span> <span class='ocrx_word' id='word_1_295' title='bbox 1545 1597 1665 1628; x_wconf 81' lang='lat' dir='ltr'>facient</span> <span class='ocrx_word' id='word_1_296' title='bbox 1682 1598 1732 1628; x_wconf 83' lang='lat' dir='ltr'>vel</span> <span class='ocrx_word' id='word_1_297' title='bbox 1751 1597 1834 1638; x_wconf 88' lang='lat' dir='ltr'>quod</span> <span class='ocrx_word' id='word_1_298' title='bbox 1852 1598 1884 1628; x_wconf 88' lang='lat' dir='ltr'>in</span> <span class='ocrx_word' id='word_1_299' title='bbox 1903 1598 1972 1639; x_wconf 88' lang='lat' dir='ltr'>ipso</span> 
     </span>
    </p>
   </div>
   <div class='ocr_carea' id='block_1_7' title="bbox 330 1650 2011 1692">
    <p class='ocr_par' dir='ltr' id='par_1_9' title="bbox 330 1650 2011 1692">
     <span class='ocr_line' id='line_1_26' title="bbox 330 1650 2011 1692; baseline 0.001 -13"><span class='ocrx_word' id='word_1_300' title='bbox 330 1652 416 1682; x_wconf 82' lang='lat' dir='ltr'>brevi</span> <span class='ocrx_word' id='word_1_301' title='bbox 448 1653 638 1682; x_wconf 80' lang='lat' dir='ltr'>continetur.</span> <span class='ocrx_word' id='word_1_302' title='bbox 670 1652 700 1681; x_wconf 93' lang='lat' dir='ltr'>in</span> <span class='ocrx_word' id='word_1_303' title='bbox 733 1652 820 1682; x_wconf 90' lang='lat' dir='ltr'>nullo</span> <span class='ocrx_word' id='word_1_304' title='bbox 852 1654 967 1681; x_wconf 82' lang='lat' dir='ltr'>noceat</span> <span class='ocrx_word' id='word_1_305' title='bbox 995 1651 1045 1680; x_wconf 79' lang='lat' dir='ltr'>vel</span> <span class='ocrx_word' id='word_1_306' title='bbox 1076 1650 1210 1691; x_wconf 77' lang='lat' dir='ltr'>deroget</span> <span class='ocrx_word' id='word_1_307' title='bbox 1241 1650 1418 1692; x_wconf 84' lang='lat' dir='ltr'>privilegiis</span> <span class='ocrx_word' id='word_1_308' title='bbox 1451 1650 1500 1680; x_wconf 82' lang='lat' dir='ltr'>vel</span> <span class='ocrx_word' id='word_1_309' title='bbox 1532 1650 1796 1692; x_wconf 87' lang='lat' dir='ltr'>promissionibus</span> <span class='ocrx_word' id='word_1_310' title='bbox 1822 1650 1873 1680; x_wconf 87' lang='lat' dir='ltr'>vel</span> <span class='ocrx_word' id='word_1_311' title='bbox 1897 1661 1970 1680; x_wconf 80' lang='lat' dir='ltr'>con·</span> <span class='ocrx_word' id='word_1_312' title='bbox 2001 1656 2011 1674; x_wconf 69' lang='lat'>2·</span> 
     </span>
    </p>
   </div>
   <div class='ocr_carea' id='block_1_8' title="bbox 329 1694 1980 2625">
    <p class='ocr_par' dir='ltr' id='par_1_10' title="bbox 329 1694 1979 2417">
     <span class='ocr_line' id='line_1_27' title="bbox 329 1694 1973 1743; baseline -0.002 -9"><span class='ocrx_word' id='word_1_313' title='bbox 329 1694 530 1734; x_wconf 71' lang='lat' dir='ltr'>cessionibus</span> <span class='ocrx_word' id='word_1_314' title='bbox 556 1704 606 1734; x_wconf 77' lang='lat' dir='ltr'>vel</span> <span class='ocrx_word' id='word_1_315' title='bbox 638 1703 721 1733; x_wconf 75' lang='lat' dir='ltr'>(latis</span> <span class='ocrx_word' id='word_1_316' title='bbox 751 1703 843 1733; x_wconf 78' lang='lat' dir='ltr'>factis</span> <span class='ocrx_word' id='word_1_317' title='bbox 873 1714 889 1732; x_wconf 83' lang='lat' dir='ltr'>a</span> <span class='ocrx_word' id='word_1_318' title='bbox 916 1702 1045 1733; x_wconf 89' lang='lat' dir='ltr'>domino</span> <span class='ocrx_word' id='word_1_319' title='bbox 1078 1703 1274 1743; x_wconf 70' lang='lat' dir='ltr'>imperatore</span> <span class='ocrx_word' id='word_1_320' title='bbox 1300 1701 1574 1732; x_wconf 69' lang='lat' dir='ltr'>Cremonensibus</span> <span class='ocrx_word' id='word_1_321' title='bbox 1599 1701 1638 1732; x_wconf 86' lang='lat' dir='ltr'>de</span> <span class='ocrx_word' id='word_1_322' title='bbox 1665 1701 1781 1732; x_wconf 76' lang='lat' dir='ltr'>Crema</span> <span class='ocrx_word' id='word_1_323' title='bbox 1806 1705 1837 1732; x_wconf 84' lang='lat' dir='ltr'>ct</span> <span class='ocrx_word' id='word_1_324' title='bbox 1862 1701 1973 1732; x_wconf 85' lang='lat' dir='ltr'>Insula</span> 
     </span>
     <span class='ocr_line' id='line_1_28' title="bbox 329 1753 1974 1795; baseline -0.001 -10"><span class='ocrx_word' id='word_1_325' title='bbox 329 1755 491 1785; x_wconf 83' lang='lat' dir='ltr'>Fuleherii</span> <span class='ocrx_word' id='word_1_326' title='bbox 517 1760 549 1785; x_wconf 87' lang='lat' dir='ltr'>et</span> <span class='ocrx_word' id='word_1_327' title='bbox 573 1755 611 1785; x_wconf 77' lang='lat' dir='ltr'>(le</span> <span class='ocrx_word' id='word_1_328' title='bbox 637 1755 713 1785; x_wconf 83' lang='lat' dir='ltr'>locis</span> <span class='ocrx_word' id='word_1_329' title='bbox 739 1759 769 1785; x_wconf 85' lang='lat' dir='ltr'>et</span> <span class='ocrx_word' id='word_1_330' title='bbox 794 1755 887 1785; x_wconf 88' lang='lat' dir='ltr'>terris</span> <span class='ocrx_word' id='word_1_331' title='bbox 913 1757 945 1785; x_wconf 86' lang='lat' dir='ltr'>et</span> <span class='ocrx_word' id='word_1_332' title='bbox 969 1753 1242 1784; x_wconf 87' lang='lat' dir='ltr'>iurisdictionibus</span> <span class='ocrx_word' id='word_1_333' title='bbox 1260 1758 1291 1784; x_wconf 87' lang='lat' dir='ltr'>et</span> <span class='ocrx_word' id='word_1_334' title='bbox 1310 1753 1462 1784; x_wconf 85' lang='lat' dir='ltr'>districtis</span> <span class='ocrx_word' id='word_1_335' title='bbox 1480 1757 1511 1783; x_wconf 88' lang='lat' dir='ltr'>et</span> <span class='ocrx_word' id='word_1_336' title='bbox 1529 1754 1792 1795; x_wconf 79' lang='lat' dir='ltr'>possessionibus</span> <span class='ocrx_word' id='word_1_337' title='bbox 1811 1753 1850 1784; x_wconf 79' lang='lat' dir='ltr'>ad</span> <span class='ocrx_word' id='word_1_338' title='bbox 1869 1753 1974 1794; x_wconf 88' lang='lat' dir='ltr'>ipsum</span> 
     </span>
     <span class='ocr_line' id='line_1_29' title="bbox 329 1805 1972 1848; baseline -0.001 -11"><span class='ocrx_word' id='word_1_339' title='bbox 329 1811 467 1837; x_wconf 83' lang='lat' dir='ltr'>castrum</span> <span class='ocrx_word' id='word_1_340' title='bbox 501 1811 533 1837; x_wconf 88' lang='lat' dir='ltr'>et</span> <span class='ocrx_word' id='word_1_341' title='bbox 562 1808 628 1837; x_wconf 84' lang='lat' dir='ltr'>loca</span> <span class='ocrx_word' id='word_1_342' title='bbox 660 1806 897 1848; x_wconf 86' lang='lat' dir='ltr'>pertinentibus</span> <span class='ocrx_word' id='word_1_343' title='bbox 927 1809 991 1836; x_wconf 83' lang='lat' dir='ltr'>tam</span> <span class='ocrx_word' id='word_1_344' title='bbox 1024 1806 1054 1836; x_wconf 93' lang='lat' dir='ltr'>in</span> <span class='ocrx_word' id='word_1_345' title='bbox 1086 1809 1192 1836; x_wconf 76' lang='lat' dir='ltr'>eastre</span> <span class='ocrx_word' id='word_1_346' title='bbox 1225 1816 1319 1847; x_wconf 86' lang='lat' dir='ltr'>quam</span> <span class='ocrx_word' id='word_1_347' title='bbox 1344 1809 1437 1836; x_wconf 78' lang='lat' dir='ltr'>extra</span> <span class='ocrx_word' id='word_1_348' title='bbox 1462 1809 1613 1842; x_wconf 78' lang='lat' dir='ltr'>castrum,</span> <span class='ocrx_word' id='word_1_349' title='bbox 1646 1809 1677 1836; x_wconf 85' lang='lat' dir='ltr'>et</span> <span class='ocrx_word' id='word_1_350' title='bbox 1701 1816 1757 1847; x_wconf 85' lang='lat' dir='ltr'>per</span> <span class='ocrx_word' id='word_1_351' title='bbox 1781 1805 1841 1836; x_wconf 86' lang='lat' dir='ltr'>hoe</span> <span class='ocrx_word' id='word_1_352' title='bbox 1866 1816 1972 1836; x_wconf 81' lang='lat' dir='ltr'>sacra-</span> 
     </span>
     <span class='ocr_line' id='line_1_30' title="bbox 330 1857 1974 1900; baseline -0.001 -12"><span class='ocrx_word' id='word_1_353' title='bbox 330 1864 470 1889; x_wconf 81' lang='lat' dir='ltr'>mentum</span> <span class='ocrx_word' id='word_1_354' title='bbox 497 1859 546 1889; x_wconf 85' lang='lat' dir='ltr'>vel</span> <span class='ocrx_word' id='word_1_355' title='bbox 572 1870 684 1900; x_wconf 81' lang='lat' dir='ltr'>pacem</span> <span class='ocrx_word' id='word_1_356' title='bbox 710 1870 772 1889; x_wconf 89' lang='lat' dir='ltr'>non</span> <span class='ocrx_word' id='word_1_357' title='bbox 804 1859 908 1888; x_wconf 87' lang='lat' dir='ltr'>miuus</span> <span class='ocrx_word' id='word_1_358' title='bbox 935 1858 1173 1889; x_wconf 82' lang='lat' dir='ltr'>Cremonenses</span> <span class='ocrx_word' id='word_1_359' title='bbox 1208 1858 1329 1899; x_wconf 79' lang='lat' dir='ltr'>possint</span> <span class='ocrx_word' id='word_1_360' title='bbox 1360 1858 1477 1898; x_wconf 83' lang='lat' dir='ltr'>exequi</span> <span class='ocrx_word' id='word_1_361' title='bbox 1508 1861 1540 1888; x_wconf 88' lang='lat' dir='ltr'>et</span> <span class='ocrx_word' id='word_1_362' title='bbox 1564 1857 1740 1888; x_wconf 84' lang='lat' dir='ltr'>defendere</span> <span class='ocrx_word' id='word_1_363' title='bbox 1765 1857 1872 1887; x_wconf 76' lang='lat' dir='ltr'>omnia</span> <span class='ocrx_word' id='word_1_364' title='bbox 1897 1857 1974 1891; x_wconf 76' lang='lat' dir='ltr'>iura.</span> 
     </span>
     <span class='ocr_line' id='line_1_31' title="bbox 330 1909 1971 1952; baseline 0 -13"><span class='ocrx_word' id='word_1_365' title='bbox 330 1922 389 1952; x_wconf 79' lang='lat' dir='ltr'>que</span> <span class='ocrx_word' id='word_1_366' title='bbox 426 1911 546 1941; x_wconf 81' lang='lat' dir='ltr'>liabent</span> <span class='ocrx_word' id='word_1_367' title='bbox 582 1915 614 1941; x_wconf 83' lang='lat' dir='ltr'>et</span> <span class='ocrx_word' id='word_1_368' title='bbox 648 1911 694 1941; x_wconf 82' lang='lat' dir='ltr'>eis</span> <span class='ocrx_word' id='word_1_369' title='bbox 728 1921 884 1940; x_wconf 79' lang='lat' dir='ltr'>concessa</span> <span class='ocrx_word' id='word_1_370' title='bbox 917 1913 990 1939; x_wconf 84' lang='lat' dir='ltr'>sunt</span> <span class='ocrx_word' id='word_1_371' title='bbox 1022 1920 1039 1939; x_wconf 81' lang='lat' dir='ltr'>a</span> <span class='ocrx_word' id='word_1_372' title='bbox 1070 1909 1198 1939; x_wconf 88' lang='lat' dir='ltr'>domino</span> <span class='ocrx_word' id='word_1_373' title='bbox 1231 1910 1424 1951; x_wconf 81' lang='lat' dir='ltr'>imperatore</span> <span class='ocrx_word' id='word_1_374' title='bbox 1455 1909 1494 1940; x_wconf 90' lang='lat' dir='ltr'>de</span> <span class='ocrx_word' id='word_1_375' title='bbox 1524 1909 1668 1950; x_wconf 87' lang='lat' dir='ltr'>predicto</span> <span class='ocrx_word' id='word_1_376' title='bbox 1693 1912 1796 1939; x_wconf 79' lang='lat' dir='ltr'>castro</span> <span class='ocrx_word' id='word_1_377' title='bbox 1822 1912 1853 1939; x_wconf 90' lang='lat' dir='ltr'>et</span> <span class='ocrx_word' id='word_1_378' title='bbox 1878 1909 1971 1939; x_wconf 89' lang='lat' dir='ltr'>iuris-</span> 
     </span>
     <span class='ocr_line' id='line_1_32' title="bbox 330 1960 1976 2002; baseline -0.001 -10"><span class='ocrx_word' id='word_1_379' title='bbox 330 1963 523 1994; x_wconf 68' lang='lat' dir='ltr'>dictionibus</span> <span class='ocrx_word' id='word_1_380' title='bbox 549 1966 580 1992; x_wconf 87' lang='lat' dir='ltr'>et</span> <span class='ocrx_word' id='word_1_381' title='bbox 604 1962 758 1992; x_wconf 77' lang='lat' dir='ltr'>districtis</span> <span class='ocrx_word' id='word_1_382' title='bbox 783 1966 814 1992; x_wconf 90' lang='lat' dir='ltr'>et</span> <span class='ocrx_word' id='word_1_383' title='bbox 838 1962 916 1992; x_wconf 85' lang='lat' dir='ltr'>loeis</span> <span class='ocrx_word' id='word_1_384' title='bbox 941 1964 973 1991; x_wconf 87' lang='lat' dir='ltr'>et</span> <span class='ocrx_word' id='word_1_385' title='bbox 998 1961 1180 1991; x_wconf 90' lang='lat' dir='ltr'>hominibus</span> <span class='ocrx_word' id='word_1_386' title='bbox 1207 1961 1235 1991; x_wconf 91' lang='lat' dir='ltr'>in</span> <span class='ocrx_word' id='word_1_387' title='bbox 1262 1961 1331 2002; x_wconf 88' lang='lat' dir='ltr'>ipso</span> <span class='ocrx_word' id='word_1_388' title='bbox 1357 1964 1462 1991; x_wconf 83' lang='lat' dir='ltr'>castro</span> <span class='ocrx_word' id='word_1_389' title='bbox 1487 1965 1518 1991; x_wconf 88' lang='lat' dir='ltr'>et</span> <span class='ocrx_word' id='word_1_390' title='bbox 1542 1961 1620 1991; x_wconf 83' lang='lat' dir='ltr'>loeis</span> <span class='ocrx_word' id='word_1_391' title='bbox 1646 1961 1868 1992; x_wconf 85' lang='lat' dir='ltr'>habitantibus</span> <span class='ocrx_word' id='word_1_392' title='bbox 1888 1960 1976 1991; x_wconf 89' lang='lat' dir='ltr'>etde</span> 
     </span>
     <span class='ocr_line' id='line_1_33' title="bbox 330 2012 1976 2054; baseline -0.002 -9"><span class='ocrx_word' id='word_1_393' title='bbox 330 2016 413 2045; x_wconf 78' lang='lat' dir='ltr'>facto</span> <span class='ocrx_word' id='word_1_394' title='bbox 439 2018 469 2044; x_wconf 84' lang='lat' dir='ltr'>et</span> <span class='ocrx_word' id='word_1_395' title='bbox 493 2014 532 2044; x_wconf 84' lang='lat' dir='ltr'>de</span> <span class='ocrx_word' id='word_1_396' title='bbox 557 2014 635 2047; x_wconf 80' lang='lat' dir='ltr'>iure,</span> <span class='ocrx_word' id='word_1_397' title='bbox 662 2024 722 2043; x_wconf 84' lang='lat' dir='ltr'>non</span> <span class='ocrx_word' id='word_1_398' title='bbox 747 2013 896 2044; x_wconf 82' lang='lat' dir='ltr'>obstante</span> <span class='ocrx_word' id='word_1_399' title='bbox 921 2013 980 2043; x_wconf 81' lang='lat' dir='ltr'>hoc</span> <span class='ocrx_word' id='word_1_400' title='bbox 1006 2016 1208 2043; x_wconf 80' lang='lat' dir='ltr'>sacramento</span> <span class='ocrx_word' id='word_1_401' title='bbox 1234 2013 1284 2043; x_wconf 83' lang='lat' dir='ltr'>vel</span> <span class='ocrx_word' id='word_1_402' title='bbox 1310 2023 1389 2054; x_wconf 82' lang='lat' dir='ltr'>pace</span> <span class='ocrx_word' id='word_1_403' title='bbox 1415 2013 1465 2043; x_wconf 83' lang='lat' dir='ltr'>vel</span> <span class='ocrx_word' id='word_1_404' title='bbox 1491 2013 1552 2043; x_wconf 85' lang='lat' dir='ltr'>fine</span> <span class='ocrx_word' id='word_1_405' title='bbox 1578 2023 1634 2043; x_wconf 84' lang='lat' dir='ltr'>seu</span> <span class='ocrx_word' id='word_1_406' title='bbox 1659 2013 1766 2054; x_wconf 81' lang='lat' dir='ltr'>aliquo</span> <span class='ocrx_word' id='word_1_407' title='bbox 1791 2013 1865 2047; x_wconf 70' lang='lat' dir='ltr'>alio,</span> <span class='ocrx_word' id='word_1_408' title='bbox 1891 2012 1976 2053; x_wconf 89' lang='lat' dir='ltr'>quod</span> 
     </span>
     <span class='ocr_line' id='line_1_34' title="bbox 330 2064 1974 2106; baseline -0.001 -10"><span class='ocrx_word' id='word_1_409' title='bbox 330 2067 514 2096; x_wconf 87' lang='lat' dir='ltr'>continetur</span> <span class='ocrx_word' id='word_1_410' title='bbox 538 2066 568 2095; x_wconf 91' lang='lat' dir='ltr'>in</span> <span class='ocrx_word' id='word_1_411' title='bbox 594 2066 663 2106; x_wconf 77' lang='lat' dir='ltr'>ipso</span> <span class='ocrx_word' id='word_1_412' title='bbox 689 2066 789 2096; x_wconf 84' lang='lat' dir='ltr'>brevi.</span> <span class='ocrx_word' id='word_1_413' title='bbox 816 2076 910 2106; x_wconf 89' lang='lat' dir='ltr'>supra</span> <span class='ocrx_word' id='word_1_414' title='bbox 937 2065 1021 2106; x_wconf 86' lang='lat' dir='ltr'>quod</span> <span class='ocrx_word' id='word_1_415' title='bbox 1046 2066 1151 2095; x_wconf 81' lang='lat' dir='ltr'>iurare</span> <span class='ocrx_word' id='word_1_416' title='bbox 1177 2065 1308 2096; x_wconf 87' lang='lat' dir='ltr'>debent.</span> <span class='ocrx_word' id='word_1_417' title='bbox 1356 2065 1397 2095; x_wconf 81' lang='lat' dir='ltr'>Et</span> <span class='ocrx_word' id='word_1_418' title='bbox 1422 2066 1554 2106; x_wconf 89' lang='lat' dir='ltr'>insuper</span> <span class='ocrx_word' id='word_1_419' title='bbox 1586 2065 1786 2095; x_wconf 85' lang='lat' dir='ltr'>intellectum</span> <span class='ocrx_word' id='word_1_420' title='bbox 1812 2068 1843 2095; x_wconf 89' lang='lat' dir='ltr'>et</span> <span class='ocrx_word' id='word_1_421' title='bbox 1869 2064 1974 2095; x_wconf 86' lang='lat' dir='ltr'>inten-</span> 
     </span>
     <span class='ocr_line' id='line_1_35' title="bbox 331 2116 1973 2158; baseline -0.001 -11"><span class='ocrx_word' id='word_1_422' title='bbox 331 2118 507 2148; x_wconf 72' lang='lat' dir='ltr'>‹limentum</span> <span class='ocrx_word' id='word_1_423' title='bbox 533 2117 640 2147; x_wconf 78' lang='lat' dir='ltr'>datum</span> <span class='ocrx_word' id='word_1_424' title='bbox 667 2118 791 2157; x_wconf 76' lang='lat' dir='ltr'>prefato</span> <span class='ocrx_word' id='word_1_425' title='bbox 817 2116 946 2147; x_wconf 88' lang='lat' dir='ltr'>domino</span> <span class='ocrx_word' id='word_1_426' title='bbox 967 2116 1081 2147; x_wconf 82' lang='lat' dir='ltr'>Iacobo</span> <span class='ocrx_word' id='word_1_427' title='bbox 1101 2116 1194 2147; x_wconf 82' lang='lat' dir='ltr'>Surdi</span> <span class='ocrx_word' id='word_1_428' title='bbox 1221 2121 1252 2147; x_wconf 82' lang='lat' dir='ltr'>et</span> <span class='ocrx_word' id='word_1_429' title='bbox 1278 2116 1334 2149; x_wconf 76' lang='lat' dir='ltr'>his,</span> <span class='ocrx_word' id='word_1_430' title='bbox 1361 2117 1501 2158; x_wconf 80' lang='lat' dir='ltr'>quicum</span> <span class='ocrx_word' id='word_1_431' title='bbox 1520 2128 1557 2147; x_wconf 91' lang='lat' dir='ltr'>eo</span> <span class='ocrx_word' id='word_1_432' title='bbox 1577 2120 1678 2151; x_wconf 79' lang='lat' dir='ltr'>erant,</span> <span class='ocrx_word' id='word_1_433' title='bbox 1703 2120 1781 2157; x_wconf 86' lang='lat' dir='ltr'>aput</span> <span class='ocrx_word' id='word_1_434' title='bbox 1800 2116 1973 2146; x_wconf 82' lang='lat' dir='ltr'>Novariam</span> 
     </span>
     <span class='ocr_line' id='line_1_36' title="bbox 331 2167 1974 2210; baseline -0.001 -11"><span class='ocrx_word' id='word_1_435' title='bbox 331 2169 541 2201; x_wconf 75' lang='lat' dir='ltr'>confirmavit,</span> <span class='ocrx_word' id='word_1_436' title='bbox 572 2169 653 2199; x_wconf 87' lang='lat' dir='ltr'>sieut</span> <span class='ocrx_word' id='word_1_437' title='bbox 684 2169 714 2198; x_wconf 88' lang='lat' dir='ltr'>in</span> <span class='ocrx_word' id='word_1_438' title='bbox 744 2169 956 2198; x_wconf 82' lang='lat' dir='ltr'>instrumento</span> <span class='ocrx_word' id='word_1_439' title='bbox 989 2169 1090 2210; x_wconf 88' lang='lat' dir='ltr'>ipsius</span> <span class='ocrx_word' id='word_1_440' title='bbox 1121 2168 1305 2199; x_wconf 82' lang='lat' dir='ltr'>intellectus</span> <span class='ocrx_word' id='word_1_441' title='bbox 1330 2172 1362 2198; x_wconf 87' lang='lat' dir='ltr'>ct</span> <span class='ocrx_word' id='word_1_442' title='bbox 1394 2168 1618 2199; x_wconf 82' lang='lat' dir='ltr'>intendimenti</span> <span class='ocrx_word' id='word_1_443' title='bbox 1644 2169 1728 2198; x_wconf 83' lang='lat' dir='ltr'>facto</span> <span class='ocrx_word' id='word_1_444' title='bbox 1754 2179 1770 2198; x_wconf 86' lang='lat' dir='ltr'>a</span> <span class='ocrx_word' id='word_1_445' title='bbox 1796 2167 1974 2198; x_wconf 84' lang='lat' dir='ltr'>Raimondo</span> 
     </span>
     <span class='ocr_line' id='line_1_37' title="bbox 332 2219 1975 2261; baseline -0.001 -10"><span class='ocrx_word' id='word_1_446' title='bbox 332 2221 456 2251; x_wconf 85' lang='lat' dir='ltr'>notario</span> <span class='ocrx_word' id='word_1_447' title='bbox 481 2220 671 2251; x_wconf 76' lang='lat' dir='ltr'>continetur.</span> <span class='ocrx_word' id='word_1_448' title='bbox 719 2220 759 2250; x_wconf 79' lang='lat' dir='ltr'>Et</span> <span class='ocrx_word' id='word_1_449' title='bbox 785 2221 881 2250; x_wconf 80' lang='lat' dir='ltr'>ctiam</span> <span class='ocrx_word' id='word_1_450' title='bbox 907 2220 991 2250; x_wconf 82' lang='lat' dir='ltr'>idem</span> <span class='ocrx_word' id='word_1_451' title='bbox 1009 2220 1156 2251; x_wconf 87' lang='lat' dir='ltr'>dominus</span> <span class='ocrx_word' id='word_1_452' title='bbox 1175 2220 1403 2251; x_wconf 65' lang='lat' dir='ltr'>Drushardus³</span> <span class='ocrx_word' id='word_1_453' title='bbox 1427 2220 1468 2250; x_wconf 89' lang='lat' dir='ltr'>ibi</span> <span class='ocrx_word' id='word_1_454' title='bbox 1487 2220 1568 2250; x_wconf 82' lang='lat' dir='ltr'>dixit</span> <span class='ocrx_word' id='word_1_455' title='bbox 1592 2220 1820 2261; x_wconf 81' lang='lat' dir='ltr'>suprascriptis</span> <span class='ocrx_word' id='word_1_456' title='bbox 1839 2219 1975 2249; x_wconf 90' lang='lat' dir='ltr'>dominis</span> 
     </span>
     <span class='ocr_line' id='line_1_38' title="bbox 331 2271 1977 2310; baseline -0.001 -7"><span class='ocrx_word' id='word_1_457' title='bbox 331 2273 466 2303; x_wconf 75' lang='lat' dir='ltr'>Alberto</span> <span class='ocrx_word' id='word_1_458' title='bbox 491 2276 522 2302; x_wconf 91' lang='lat' dir='ltr'>ct</span> <span class='ocrx_word' id='word_1_459' title='bbox 546 2272 661 2302; x_wconf 79' lang='lat' dir='ltr'>Iacobo</span> <span class='ocrx_word' id='word_1_460' title='bbox 687 2275 719 2302; x_wconf 86' lang='lat' dir='ltr'>et</span> <span class='ocrx_word' id='word_1_461' title='bbox 744 2272 938 2310; x_wconf 67' lang='lat' dir='ltr'>Hencelerio</span> <span class='ocrx_word' id='word_1_462' title='bbox 964 2276 996 2302; x_wconf 89' lang='lat' dir='ltr'>et</span> <span class='ocrx_word' id='word_1_463' title='bbox 1021 2271 1215 2305; x_wconf 76' lang='lat' dir='ltr'>Talamacio,</span> <span class='ocrx_word' id='word_1_464' title='bbox 1247 2276 1279 2302; x_wconf 87' lang='lat' dir='ltr'>ut</span> <span class='ocrx_word' id='word_1_465' title='bbox 1312 2272 1489 2303; x_wconf 85' lang='lat' dir='ltr'>secundum</span> <span class='ocrx_word' id='word_1_466' title='bbox 1523 2272 1580 2302; x_wconf 90' lang='lat' dir='ltr'>hos</span> <span class='ocrx_word' id='word_1_467' title='bbox 1606 2272 1791 2302; x_wconf 89' lang='lat' dir='ltr'>intellectus</span> <span class='ocrx_word' id='word_1_468' title='bbox 1816 2275 1848 2301; x_wconf 90' lang='lat' dir='ltr'>et</span> <span class='ocrx_word' id='word_1_469' title='bbox 1872 2272 1977 2301; x_wconf 89' lang='lat' dir='ltr'>inten-</span> 
     </span>
     <span class='ocr_line' id='line_1_39' title="bbox 332 2323 1979 2365; baseline -0.001 -10"><span class='ocrx_word' id='word_1_470' title='bbox 332 2325 473 2355; x_wconf 80' lang='lat' dir='ltr'>dimcnta</span> <span class='ocrx_word' id='word_1_471' title='bbox 498 2324 640 2354; x_wconf 81' lang='lat' dir='ltr'>iurarent</span> <span class='ocrx_word' id='word_1_472' title='bbox 664 2327 695 2353; x_wconf 88' lang='lat' dir='ltr'>et</span> <span class='ocrx_word' id='word_1_473' title='bbox 720 2324 862 2354; x_wconf 85' lang='lat' dir='ltr'>facerent</span> <span class='ocrx_word' id='word_1_474' title='bbox 887 2324 967 2354; x_wconf 83' lang='lat' dir='ltr'>alios</span> <span class='ocrx_word' id='word_1_475' title='bbox 993 2323 1031 2354; x_wconf 87' lang='lat' dir='ltr'>de</span> <span class='ocrx_word' id='word_1_476' title='bbox 1056 2328 1143 2354; x_wconf 76' lang='lat' dir='ltr'>terra</span> <span class='ocrx_word' id='word_1_477' title='bbox 1168 2325 1327 2354; x_wconf 81' lang='lat' dir='ltr'>Cremone</span> <span class='ocrx_word' id='word_1_478' title='bbox 1353 2328 1384 2355; x_wconf 91' lang='lat' dir='ltr'>et</span> <span class='ocrx_word' id='word_1_479' title='bbox 1409 2324 1613 2365; x_wconf 76' lang='lat' dir='ltr'>episcopatus</span> <span class='ocrx_word' id='word_1_480' title='bbox 1640 2324 1754 2355; x_wconf 81' lang='lat' dir='ltr'>iurare.</span> <span class='ocrx_word' id='word_1_481' title='bbox 1781 2323 1833 2364; x_wconf 89' lang='lat' dir='ltr'>qui</span> <span class='ocrx_word' id='word_1_482' title='bbox 1859 2323 1979 2353; x_wconf 87' lang='lat' dir='ltr'>debent</span> 
     </span>
     <span class='ocr_line' id='line_1_40' title="bbox 332 2374 1977 2417; baseline -0.001 -11"><span class='ocrx_word' id='word_1_483' title='bbox 332 2377 391 2407; x_wconf 80' lang='lat' dir='ltr'>hoe</span> <span class='ocrx_word' id='word_1_484' title='bbox 416 2379 652 2407; x_wconf 84' lang='lat' dir='ltr'>sacramentum</span> <span class='ocrx_word' id='word_1_485' title='bbox 679 2376 785 2406; x_wconf 79' lang='lat' dir='ltr'>facere</span> <span class='ocrx_word' id='word_1_486' title='bbox 811 2386 906 2416; x_wconf 88' lang='lat' dir='ltr'>super</span> <span class='ocrx_word' id='word_1_487' title='bbox 932 2375 1019 2406; x_wconf 83' lang='lat' dir='ltr'>brevi</span> <span class='ocrx_word' id='word_1_488' title='bbox 1038 2375 1196 2406; x_wconf 66' lang='lat' dir='ltr'>Vercellis</span> <span class='ocrx_word' id='word_1_489' title='bbox 1215 2376 1253 2405; x_wconf 85' lang='lat' dir='ltr'>ab</span> <span class='ocrx_word' id='word_1_490' title='bbox 1278 2376 1347 2417; x_wconf 84' lang='lat' dir='ltr'>ipso</span> <span class='ocrx_word' id='word_1_491' title='bbox 1364 2375 1573 2406; x_wconf 71' lang='lat' dir='ltr'>Drushardo³¹</span> <span class='ocrx_word' id='word_1_492' title='bbox 1596 2375 1742 2406; x_wconf 77' lang='lat' dir='ltr'>ordinato</span> <span class='ocrx_word' id='word_1_493' title='bbox 1760 2375 1944 2405; x_wconf 85' lang='lat' dir='ltr'>continetur</span> <span class='ocrx_word' id='word_1_494' title='bbox 1955 2374 1977 2405; x_wconf 75' lang='lat'>¹¹.</span> 
     </span>
    </p>

    <p class='ocr_par' dir='ltr' id='par_1_11' title="bbox 333 2426 1973 2520">
     <span class='ocr_line' id='line_1_41' title="bbox 434 2426 1973 2469; baseline -0.002 -11"><span class='ocrx_word' id='word_1_495' title='bbox 434 2428 452 2465; x_wconf 51' lang='grc' dir='ltr'><em>ἢ</em></span> <span class='ocrx_word' id='word_1_496' title='bbox 479 2428 613 2469; x_wconf 76' lang='lat' dir='ltr'>Signum</span> <span class='ocrx_word' id='word_1_497' title='bbox 638 2438 695 2469; x_wconf 92' lang='lat' dir='ltr'>pro</span> <span class='ocrx_word' id='word_1_498' title='bbox 720 2428 937 2468; x_wconf 78' lang='lat' dir='ltr'>suprascripto</span> <span class='ocrx_word' id='word_1_499' title='bbox 956 2427 1083 2458; x_wconf 88' lang='lat' dir='ltr'>domino</span> <span class='ocrx_word' id='word_1_500' title='bbox 1099 2427 1318 2467; x_wconf 53' lang='lat' dir='ltr'>Drushardoa7</span> <span class='ocrx_word' id='word_1_501' title='bbox 1344 2428 1396 2469; x_wconf 91' lang='lat' dir='ltr'>qui</span> <span class='ocrx_word' id='word_1_502' title='bbox 1414 2427 1453 2458; x_wconf 86' lang='lat' dir='ltr'>de</span> <span class='ocrx_word' id='word_1_503' title='bbox 1473 2427 1520 2458; x_wconf 87' lang='lat' dir='ltr'>his</span> <span class='ocrx_word' id='word_1_504' title='bbox 1538 2430 1660 2458; x_wconf 79' lang='lat' dir='ltr'>cartam</span> <span class='ocrx_word' id='word_1_505' title='bbox 1678 2427 1745 2457; x_wconf 86' lang='lat' dir='ltr'>fieri</span> <span class='ocrx_word' id='word_1_506' title='bbox 1764 2430 1796 2457; x_wconf 90' lang='lat' dir='ltr'>et</span> <span class='ocrx_word' id='word_1_507' title='bbox 1813 2426 1973 2467; x_wconf 80' lang='lat' dir='ltr'>predictos</span> 
     </span>
     <span class='ocr_line' id='line_1_42' title="bbox 333 2479 736 2520; baseline -0.002 -10"><span class='ocrx_word' id='word_1_508' title='bbox 333 2481 449 2511; x_wconf 81' lang='lat' dir='ltr'>adesse</span> <span class='ocrx_word' id='word_1_509' title='bbox 475 2483 576 2510; x_wconf 83' lang='lat' dir='ltr'>testes</span> <span class='ocrx_word' id='word_1_510' title='bbox 601 2479 736 2520; x_wconf 77' lang='lat' dir='ltr'>rogavit.</span> 
     </span>
    </p>

    <p class='ocr_par' dir='ltr' id='par_1_12' title="bbox 333 2530 1980 2625">
     <span class='ocr_line' id='line_1_43' title="bbox 436 2530 1980 2572; baseline -0.002 -10"><span class='ocrx_word' id='word_1_511' title='bbox 436 2532 484 2572; x_wconf 71' lang='lat' dir='ltr'>(S.</span> <span class='ocrx_word' id='word_1_512' title='bbox 504 2531 559 2565; x_wconf 86' lang='lat' dir='ltr'>N.)</span> <span class='ocrx_word' id='word_1_513' title='bbox 586 2531 655 2572; x_wconf 81' lang='lat' dir='ltr'>Ego</span> <span class='ocrx_word' id='word_1_514' title='bbox 680 2531 843 2561; x_wconf 82' lang='lat' dir='ltr'>Robertus</span> <span class='ocrx_word' id='word_1_515' title='bbox 877 2531 958 2561; x_wconf 76' lang='lat' dir='ltr'>sacri</span> <span class='ocrx_word' id='word_1_516' title='bbox 991 2531 1100 2571; x_wconf 86' lang='lat' dir='ltr'>palatii</span> <span class='ocrx_word' id='word_1_517' title='bbox 1132 2531 1273 2561; x_wconf 83' lang='lat' dir='ltr'>notarius</span> <span class='ocrx_word' id='word_1_518' title='bbox 1299 2531 1346 2561; x_wconf 90' lang='lat' dir='ltr'>his</span> <span class='ocrx_word' id='word_1_519' title='bbox 1372 2531 1501 2562; x_wconf 84' lang='lat' dir='ltr'>interfui</span> <span class='ocrx_word' id='word_1_520' title='bbox 1534 2534 1565 2562; x_wconf 90' lang='lat' dir='ltr'>et</span> <span class='ocrx_word' id='word_1_521' title='bbox 1591 2530 1673 2561; x_wconf 83' lang='lat' dir='ltr'>hane</span> <span class='ocrx_word' id='word_1_522' title='bbox 1699 2533 1840 2561; x_wconf 72' lang='lat' dir='ltr'>cartame</span> <span class='ocrx_word' id='word_1_523' title='bbox 1866 2532 1980 2570; x_wconf 76' lang='lat' dir='ltr'>rogatu</span> 
     </span>
     <span class='ocr_line' id='line_1_44' title="bbox 333 2582 1062 2625; baseline -0.001 -12"><span class='ocrx_word' id='word_1_524' title='bbox 333 2584 543 2625; x_wconf 76' lang='lat' dir='ltr'>suprascripti</span> <span class='ocrx_word' id='word_1_525' title='bbox 569 2583 689 2613; x_wconf 85' lang='lat' dir='ltr'>domini</span> <span class='ocrx_word' id='word_1_526' title='bbox 715 2582 917 2613; x_wconf 53' lang='lat' dir='ltr'>Drushardi&#39;*</span> <span class='ocrx_word' id='word_1_527' title='bbox 942 2583 1062 2623; x_wconf 82' lang='lat' dir='ltr'>scripsi.</span> 
     </span>
    </p>
   </div>
   <div class='ocr_carea' id='block_1_9' title="bbox 440 2678 721 2710">
    <p class='ocr_par' dir='ltr' id='par_1_13' title="bbox 440 2678 721 2710">
     <span class='ocr_line' id='line_1_45' title="bbox 440 2678 721 2710; baseline 0 -8"><span class='ocrx_word' id='word_1_528' title='bbox 440 2678 505 2706; x_wconf 70' lang='grc'><strong>361.</strong></span> <span class='ocrx_word' id='word_1_529' title='bbox 531 2678 554 2710; x_wconf 70' lang='lat' dir='ltr'>b)</span> <span class='ocrx_word' id='word_1_530' title='bbox 574 2681 682 2702; x_wconf 52' lang='lat' dir='ltr'>cremon</span> <span class='ocrx_word' id='word_1_531' title='bbox 703 2688 721 2702; x_wconf 76' lang='lat' dir='ltr'>c.</span> 
     </span>
    </p>
   </div>
   <div class='ocr_carea' id='block_1_10' title="bbox 435 2727 1976 2761">
    <p class='ocr_par' dir='ltr' id='par_1_14' title="bbox 435 2727 1976 2761">
     <span class='ocr_line' id='line_1_46' title="bbox 435 2727 1976 2761; baseline -0.003 -6"><span class='ocrx_word' id='word_1_532' title='bbox 435 2728 498 2755; x_wconf 69' lang='lat'><strong>3⁴52.</strong></span> <span class='ocrx_word' id='word_1_533' title='bbox 523 2730 545 2757; x_wconf 58' lang='lat' dir='ltr'>a)</span> <span class='ocrx_word' id='word_1_534' title='bbox 566 2729 651 2755; x_wconf 76' lang='lat' dir='ltr'>Drusli</span> <span class='ocrx_word' id='word_1_535' title='bbox 671 2739 690 2754; x_wconf 77' lang='lat' dir='ltr'>c.</span> <span class='ocrx_word' id='word_1_536' title='bbox 763 2729 786 2755; x_wconf 75' lang='lat' dir='ltr'>¹&#39;l</span> <span class='ocrx_word' id='word_1_537' title='bbox 807 2730 874 2761; x_wconf 73' lang='lat' dir='ltr'>bfigo</span> <span class='ocrx_word' id='word_1_538' title='bbox 888 2740 908 2753; x_wconf 63' lang='grc' dir='ltr'>ι.</span> <span class='ocrx_word' id='word_1_539' title='bbox 979 2733 1001 2755; x_wconf 64' lang='lat' dir='ltr'>“l</span> <span class='ocrx_word' id='word_1_540' title='bbox 1021 2729 1052 2753; x_wconf 75' lang='lat' dir='ltr'>ad</span> <span class='ocrx_word' id='word_1_541' title='bbox 1071 2740 1091 2753; x_wconf 74' lang='lat' dir='ltr'>e.</span> <span class='ocrx_word' id='word_1_542' title='bbox 1106 2729 1153 2753; x_wconf 82' lang='lat' dir='ltr'>vel.</span> <span class='ocrx_word' id='word_1_543' title='bbox 1169 2730 1220 2753; x_wconf 65' lang='lat' dir='ltr'>ullo</span> <span class='ocrx_word' id='word_1_544' title='bbox 1238 2734 1379 2754; x_wconf 74' lang='lat' dir='ltr'>ulrameneu</span> <span class='ocrx_word' id='word_1_545' title='bbox 1398 2730 1424 2753; x_wconf 79' lang='grc' dir='ltr'>ιἰι</span> <span class='ocrx_word' id='word_1_546' title='bbox 1438 2730 1491 2754; x_wconf 77' lang='lat' dir='ltr'>luce</span> <span class='ocrx_word' id='word_1_547' title='bbox 1508 2738 1566 2753; x_wconf 74' lang='lat' dir='ltr'>raso</span> <span class='ocrx_word' id='word_1_548' title='bbox 1581 2739 1599 2753; x_wconf 79' lang='lat' dir='ltr'>c.</span> <span class='ocrx_word' id='word_1_549' title='bbox 1672 2727 1696 2758; x_wconf 75' lang='lat' dir='ltr'>d)</span> <span class='ocrx_word' id='word_1_550' title='bbox 1716 2729 1750 2753; x_wconf 66' lang='lat' dir='ltr'>sic</span> <span class='ocrx_word' id='word_1_551' title='bbox 1764 2737 1783 2752; x_wconf 80' lang='grc' dir='ltr'>υ.</span> <span class='ocrx_word' id='word_1_552' title='bbox 1855 2730 1877 2759; x_wconf 69' lang='lat' dir='ltr'>u)</span> <span class='ocrx_word' id='word_1_553' title='bbox 1897 2727 1944 2752; x_wconf 71' lang='lat' dir='ltr'>cas*</span> <span class='ocrx_word' id='word_1_554' title='bbox 1957 2736 1976 2751; x_wconf 80' lang='lat' dir='ltr'>c.</span> 
     </span>
    </p>
   </div>
   <div class='ocr_carea' id='block_1_11' title="bbox 2006 836 2028 853">
    <p class='ocr_par' dir='ltr' id='par_1_15' title="bbox 2006 836 2028 853">
     <span class='ocr_line' id='line_1_47' title="bbox 2006 836 2028 853; baseline 0 0"><span class='ocrx_word' id='word_1_555' title='bbox 2006 836 2028 853; x_wconf 80' lang='lat'>10</span> 
     </span>
    </p>
   </div>
   <div class='ocr_carea' id='block_1_12' title="bbox 2006 1137 2028 1154">
    <p class='ocr_par' dir='ltr' id='par_1_16' title="bbox 2006 1137 2028 1154">
     <span class='ocr_line' id='line_1_48' title="bbox 2006 1137 2028 1154; baseline 0 0"><span class='ocrx_word' id='word_1_556' title='bbox 2006 1137 2028 1154; x_wconf 78' lang='lat'>15</span> 
     </span>
    </p>
   </div>
   <div class='ocr_carea' id='block_1_13' title="bbox 2001 1919 2026 1936">
    <p class='ocr_par' dir='ltr' id='par_1_17' title="bbox 2001 1919 2026 1936">
     <span class='ocr_line' id='line_1_49' title="bbox 2001 1919 2026 1936; baseline -0.04 -1"><span class='ocrx_word' id='word_1_557' title='bbox 2001 1919 2012 1935; x_wconf 72' lang='lat'><strong>3</strong></span> <span class='ocrx_word' id='word_1_558' title='bbox 2015 1921 2026 1936; x_wconf 77' lang='grc' dir='ltr'>υ</span> 
     </span>
    </p>
   </div>
   <div class='ocr_carea' id='block_1_14' title="bbox 2004 2176 2027 2193">
    <p class='ocr_par' dir='ltr' id='par_1_18' title="bbox 2004 2176 2027 2193">
     <span class='ocr_line' id='line_1_50' title="bbox 2004 2176 2027 2193; baseline 0 0"><span class='ocrx_word' id='word_1_559' title='bbox 2004 2176 2014 2193; x_wconf 73' lang='lat'><strong>3</strong></span> <span class='ocrx_word' id='word_1_560' title='bbox 2017 2176 2027 2193; x_wconf 79' lang='lat'>5</span> 
     </span>
    </p>
   </div>
   <div class='ocr_carea' id='block_1_15' title="bbox 2004 2432 2027 2450">
    <p class='ocr_par' dir='ltr' id='par_1_19' title="bbox 2004 2432 2027 2450">
     <span class='ocr_line' id='line_1_51' title="bbox 2004 2432 2027 2450; baseline -0.043 0"><span class='ocrx_word' id='word_1_561' title='bbox 2004 2432 2027 2450; x_wconf 66' lang='lat' dir='ltr'>‹io</span> 
     </span>
    </p>
   </div>
   <div class='ocr_carea' id='block_1_16' title="bbox 2006 2732 2029 2750">
    <p class='ocr_par' dir='ltr' id='par_1_20' title="bbox 2006 2732 2029 2750">
     <span class='ocr_line' id='line_1_52' title="bbox 2006 2732 2029 2750; baseline 0 0"><span class='ocrx_word' id='word_1_562' title='bbox 2006 2732 2029 2750; x_wconf 75' lang='lat'>45</span> 
     </span>
    </p>
   </div>
  </div>
 </body>
</html>
