2205 3072
338 165 410 205 420*
740 172 921 198 FRIDERICI
941 172 961 198 I.
982 170 1303 198 CONSTITUTIONES.
1341 171 1415 197 1183.
1452 171 1498 197 ΝΥ.
1512 172 1569 197 296.

339 263 477 301 excepto
507 259 589 300 quod
624 270 686 290 non
712 259 869 290 dederunt
900 259 1044 300 predicto
1070 259 1246 290 camerario
1271 259 1319 288 ius
1345 268 1447 296 suum,
1481 258 1564 299 quod
1590 263 1641 290 est
1665 259 1703 290 de
1728 260 1872 300 qualibet
1895 260 1977 291 libra

338 312 488 342 denarios
513 310 778 351 quattuordecim.
824 310 1046 342 Interfuerunt
1062 311 1181 341 Fulcus
1200 310 1238 341 dc
1260 310 1444 351 Iniquitate,
1470 310 1631 341 Arnaldus
1649 310 1796 349 Strictus,
1821 311 1975 343 Albertus

339 363 473 396 Dianus,
498 362 670 392 Pultronus
694 362 854 394 Rondana
879 366 975 404 atque
1000 362 1165 394 Rolandus
1191 362 1314 392 Dianus
1339 364 1449 392 testes.

442 414 489 455 (S.
506 413 580 454 Ν.)υ
605 413 674 455 Ego
698 414 854 445 Martinus
886 414 1005 456 Filippi
1036 415 1211 456 imperialis
1236 415 1308 445 aule
1333 414 1476 445 notarius
1506 418 1659 456 precepto
1686 415 1895 456 suprascripti
1920 415 1975 446 (lo-

340 465 417 496 mini
440 464 570 495 Rodulfi
595 466 763 496 camerarii
788 466 848 497 hoc
873 467 1120 497 instrumentum
1145 466 1265 507 scripsi.

443 516 488 556 (S.
510 517 563 553 N.)
601 517 671 558 Ego
702 517 863 549 Iohannes
900 518 939 548 de
972 517 1143 559 Sparoaria
1178 518 1260 548 sacri
1300 517 1411 559 palatii
1452 518 1596 548 notarius
1634 519 1849 549 auctenticum
1885 519 1978 549 liuius

341 569 480 610 exempli
501 568 564 599 vidi
583 573 613 599 ct
630 569 703 609 legi.
722 570 753 599 in
772 580 833 610 quo
851 570 895 600 sic
914 570 1141 601 continebatur
1158 573 1193 600 ut
1209 570 1259 600 hic
1277 570 1405 610 legitur,
1423 573 1454 600 et
1467 570 1605 611 propriis
1619 570 1766 600 manibus
1784 571 1978 612 exemplavi.

372 909 469 959 29ss.
514 906 913 960 EPISTULA
951 908 1062 960 AD
1104 907 1427 961 LUeIUM
1460 908 1558 960 ΙΠ.
1602 908 1707 961 DE
1752 909 1951 962 PAGE

830 984 1494 1039 (JONSUMMANDA.

1046 1080 1172 1122 (1183.
1199 1080 1281 1123 Iul.)
2011 1096 2035 1114 ιο

444 1188 573 1219 Servum
603 1190 646 1217 est
680 1188 714 1218 in
742 1187 857 1219 Rotulo
883 1188 1085 1219 Clzmicccense'
1106 1189 1152 1219 H.
1181 1199 1210 1219 α.
1235 1189 1316 1219 124ιῖ
1347 1188 1497 1228 ῙΛιῃᾱηπὶ
1523 1198 1561 1218 esi·
1594 1189 1796 1228 autom-aph&
1826 1189 1984 1228 descripto,

341 1250 424 1271 nunc
447 1240 545 1270 codiee
570 1239 719 1270 Parisino
736 1241 828 1277 8989,
853 1251 891 1271 ca*
914 1251 972 1279 quo
990 1240 1113 1279 publici
1138 1241 1218 1270 iuris
1237 1240 1328 1281 farm
1352 1242 1395 1270 esf
1417 1251 1447 1272 (z.
1466 1241 1547 1270 1865
1564 1251 1583 1270 (ι
1599 1241 1666 1270 viro
1682 1241 1717 1272 el.
1736 1240 1985 1271 IIm'Mard-Bm‘-

341 1291 436 1322 hollos·
452 1291 584 1322 ‘Nostros'
600 1294 627 1321 et
643 1292 774 1322 ‹ea-trans
790 1292 842 1321 des
854 1292 1067 1330 manuscripts
1084 1291 1119 1321 dc
1136 1292 1166 1322 la
1184 1291 1384 1330 bibliotheque
1400 1292 1569 1330 vimperiala*
1586 1292 1682 1329 XXI,
1695 1294 1724 1329 2,
1737 1294 1810 1323 320.
1845 1292 1985 1323 Smuma-

341 1343 423 1373 rinm
455 1343 566 1374 coelicis
592 1343 791 1374 (Mobom'smi
812 1344 906 1381 2540,
935 1343 1116 1383 (tpoqrapha
1145 1343 1330 1374 I-t'olulorum
1352 1343 1610 1382 ererfsdmzeusium
1633 1344 1826 1381 commentis,
1850 1355 1877 1374 v.
1901 1344 1987 1383 apud

342 1395 542 1426 Martmwmn
565 1395 720 1426 ‘Collectio
742 1395 947 1433 amplissima*
972 1395 1018 1432 IL
1038 1396 1129 1426 1228.
1155 1413 1195 1416 —-
1219 1394 1355 1435 Slnmnpf,
1379 1394 1454 1434 Ray.
1471 1396 1565 1427 4366.
1707 1395 1759 1435 (P.
1776 1396 1881 1435 deest.)
2014 1410 2035 1427 ιε

446 1498 639 1529 Reverendo
665 1502 696 1530 et
720 1499 940 1530 amantissimo
965 1499 1047 1540 patri
1066 1499 1097 1529 in
1116 1498 1244 1529 Christo
1264 1498 1299 1528 L.
1319 1501 1523 1529 sacrosancte
1540 1498 1685 1529 Romane
1703 1500 1841 1530 ecclesie
1861 1510 1984 1530 summo

344 1550 485 1592 pontifici
511 1551 544 1581 F.
570 1551 631 1582 Dei
654 1552 758 1592 gratia
782 1551 1001 1582 Romanorum
1031 1552 1206 1592 imperator
1238 1554 1269 1581 ct
1300 1560 1429 1592 semper
1453 1554 1610 1591 augustus
1635 1551 1772 1581 salutem
1799 1554 1830 1581 et
1854 1551 1984 1581 filialem

345 1613 415 1633 cum
445 1602 555 1633 debita
580 1604 760 1634 reverentia
786 1603 1001 1634 dilectionem.

447 1654 664 1685 Honorabiles
689 1655 867 1686 sanctitatis
893 1658 999 1686 vestre
1029 1655 1157 1695 legatos
1183 1654 1359 1685 Iohannem
1391 1654 1473 1684 tituli
1500 1654 1609 1684 Sancti
1635 1654 1734 1685 Marci
1759 1655 1985 1696 presbyterum

345 1706 540 1737 cardinalem
570 1710 602 1737 et
630 1706 683 1737 P.¹
710 1707 898 1748 episcopum
927 1707 1113 1737 Lunensem
1147 1705 1187 1736 ad
1218 1710 1325 1736 nostre
1361 1706 1539 1736 maiestatis
1564 1706 1756 1736 accedentes
1788 1706 1985 1747 presentiam
2014 1718 2038 1736 ρο

345 1758 485 1799 benigne
510 1761 545 1788 ut
569 1758 707 1789 decebat
732 1759 920 1800 excepimus
945 1762 977 1789 et
1001 1758 1109 1789 verbis
1135 1768 1256 1795 eorum,
1282 1768 1344 1798 que
1369 1768 1467 1798 super
1490 1758 1628 1798 negotiis
1651 1758 1787 1788 ecclesie
1805 1762 1837 1788 et
1859 1758 1986 1799 imperii

344 1813 409 1840 tam
439 1809 584 1840 modeste
613 1821 707 1851 quam
737 1810 914 1851 prudenter
944 1810 1038 1841 nobis
1069 1810 1304 1852 proponebant,
1341 1819 1449 1840 aurem
1482 1813 1638 1840 attentam
1663 1810 1986 1840 accommodavimus.

346 1861 489 1892 Obtentu
521 1862 604 1893 enim
636 1865 747 1893 eterne
780 1862 1001 1893 retributionis
1032 1873 1067 1893 ac
1100 1862 1250 1903 specialis
1283 1862 1400 1892 amoris
1425 1871 1487 1902 quo
1518 1872 1690 1902 personam
1715 1865 1867 1897 vestram,
1896 1866 1988 1903 pater

345 1913 523 1947 carissime,
554 1915 777 1955 amplectimur
802 1915 1071 1952 consideratione,
1103 1924 1216 1956 pacem
1241 1917 1432 1955 perpetuam
1456 1913 1540 1944 inter
1564 1913 1736 1944 ecclesiam
1761 1917 1792 1944 et
1816 1914 1986 1955 imperium

346 1965 463 1996 vestris
498 1966 679 2007 nostrisque
712 1967 911 2008 temporibus
941 1970 1194 1998 consummatam
1226 1966 1272 2003 iri,
1308 1975 1431 1995 summo
1465 1964 1624 1996 desiderio
1655 1965 1855 2006 anhelamus⁸>
1907 1965 1987 1996 Cum
2014 1975 2038 1994 25

346 2017 454 2058 itaque
484 2017 593 2058 plures
628 2018 722 2055 modi,
755 2019 808 2059 qui
842 2018 881 2049 ad
911 2019 1000 2060 pacis
1033 2018 1265 2060 perfectionem
1290 2017 1453 2058 pertinere
1478 2016 1636 2053 videntur,
1672 2017 1789 2047 suerint
1819 2018 1987 2058 propositi,

346 2079 516 2099 assensum
541 2069 760 2100 omnimodum
785 2073 817 2101 et
841 2071 983 2100 animuin
1008 2070 1220 2101 vehementer
1244 2069 1466 2110 apposuimus,
1496 2071 1530 2098 ut
1555 2078 1612 2109 per
1635 2068 1775 2109 aliquem
1800 2069 1987 2099 eorumdem

347 2120 524 2159 modorum,
556 2121 608 2162 qui
639 2120 678 2151 ad
709 2122 1017 2152 consummationem
1051 2121 1196 2152 eiusdem
1230 2121 1316 2162 pacis
1347 2124 1379 2151 et
1407 2119 1689 2151 conservationem
1720 2121 1822 2160 magis
1853 2120 1986 2151 idoneus

347 2172 551 2207 iudicabitur,
582 2183 647 2214 pax
676 2172 729 2203 diu
759 2173 944 2204 desiderata
975 2174 1187 2214 compleatur.
1243 2172 1328 2203 Sanc
1360 2172 1560 2213 propositum
1585 2171 1677 2202 nobis
1707 2171 1766 2202 fuit
1790 2171 1829 2202 <le
1854 2183 1932 2213 pace
1958 2176 1989 2203 et

347 2224 517 2254 concordia
538 2224 687 2255 Venetiis
717 2224 756 2255 de
786 2225 1046 2266 possessionibus
1081 2224 1220 2255 ecclesie
1251 2227 1283 2255 et
1318 2224 1443 2265 imperii
1474 2226 1623 2261 tractata,
1658 2227 1689 2254 et
1718 2226 1752 2253 ut
1784 2234 1854 2254 cam
1886 2228 1987 2254 ratam
2016 2237 2041 2255 30

347 2275 467 2306 habere
493 2276 647 2306 vellemus
678 2277 777 2317 legati
802 2277 901 2307 vestri
933 2276 1148 2318 postulabant.
1198 2275 1264 2306 Nos
1289 2276 1398 2316 itaque
1431 2275 1607 2306 secundum
1635 2275 1770 2305 formam
1796 2286 1891 2316 quam
1916 2286 1987 2306 cum

347 2326 562 2358 cardinalibus
587 2327 731 2359 Romane
756 2329 896 2359 ecclesie
922 2339 1018 2370 super
1043 2328 1165 2359 eisdem
1189 2327 1452 2370 possessionibus
1478 2326 1603 2357 Clodii2
1628 2327 1847 2365 convenimus,
1872 2338 1932 2368 que
1958 2331 1989 2358 et

348 2379 412 2408 illic
437 2379 469 2409 in
494 2380 646 2420 seriptum
672 2380 824 2411 redacta-²
849 2384 881 2411 et
898 2380 1045 2411 Venetiis
1071 2379 1275 2422 postmodum
1300 2379 1487 2409 confirmata
1511 2378 1580 2410 fuit.
1612 2378 1757 2409 camdem
1783 2379 1988 2410 concordiam

347 2433 449 2460 ratam
474 2430 595 2462 habere
619 2431 751 2462 firmiter
775 2432 988 2469 dem-evimus,
1015 2432 1041 2462 si
1067 2442 1122 2462 vos
1148 2442 1219 2462 cam
1245 2442 1286 2461 cx
1312 2434 1403 2472 parte
1428 2433 1536 2461 vestra
1561 2433 1661 2460 ratam
1687 2430 1851 2461 volueritis
1878 2431 1988 2461 obser-

348 2492 434 2513 vare.
482 2482 544 2513 Sed
569 2484 720 2524 quoniam
745 2483 956 2524 prudentibus
981 2484 1034 2524 qui
1059 2483 1196 2514 aderant
1220 2483 1271 2513 hic
1296 2482 1407 2513 modus
1424 2482 1529 2522 magis
1546 2481 1689 2512 scandali
1708 2492 1802 2522 qnam
1820 2482 1988 2513 concordie
2016 2494 2039 2513 35

348 2534 513 2564 materiam
538 2537 685 2576 prestare
710 2535 890 2573 videbatur,
916 2535 991 2565 dum
1015 2535 1144 2576 utrique
1169 2536 1251 2576 parti
1278 2534 1315 2565 de
1334 2545 1391 2565 suo
1416 2535 1485 2564 iure
1503 2533 1715 2564 contendendi
1733 2534 1861 2564 facilem
1880 2538 1990 2575 posset

348 2585 497 2626 ingerere
523 2587 738 2623 occasionem,
763 2587 802 2617 de
828 2587 961 2617 consilio
980 2586 1165 2617 eorumdem
1184 2586 1376 2628 prudentum
1396 2586 1480 2616 illius
1499 2585 1550 2615 vie
1567 2585 1653 2615 facta
1670 2588 1719 2615 est
1738 2586 1868 2620 mentio,
1895 2596 1989 2626 quam

348 2637 447 2677 legati
473 2638 581 2674 nostri,
613 2638 861 2679 Salzburgensis
886 2638 1148 2680 archiepiscopus
1174 2642 1205 2669 et
1231 2639 1283 2679 qui
1310 2649 1380 2668 cum
1405 2648 1443 2668 eo
1468 2638 1554 2667 missi
1580 2637 1717 2674 fuerant,
1750 2641 1856 2668 vestre
1880 2641 1988 2679 pater-

451 2730 515 2758 ·295.
540 2735 562 2759 0)
581 2732 645 2757 idem
667 2733 765 2765 signnm
783 2738 810 2757 ἰιι
829 2742 917 2765 supra.

454 2809 477 2839 l)
498 2808 612 2833 Petrum.
701 2811 728 2839 L’)
751 2809 882 2842 Fhiogmia.
971 2810 997 2838 3>
1017 2818 1102 2842 supra
1121 2817 1162 2835 nr.
1177 2814 1233 2835 2071,
2018 2817 2043 2836 40
