2205 3072
122 772 146 789 lo

121 1034 143 1050 15

119 1292 143 1309 2⁷1)

118 1812 142 1828 :flu

120 2070 142 2088 35

119 2332 143 2349 111

120 2590 144 2607 45

577 212 753 238 FRIDERICI
774 213 792 238 Ι.
812 212 1132 238 CONSTITUTIONES.
1170 213 1243 238 llse.
1276 214 1322 239 Nr.
1337 215 1393 239 3113.
1755 217 1814 246 447

173 298 400 327 ecelesiasticis
426 298 622 339 principibus
648 299 678 329 in
705 302 791 329 terra
815 298 992 329 Teutonica
1017 299 1130 329 maiori
1155 299 1280 330 aceedit
1305 300 1506 331 incommode
1528 311 1622 341 quam
1640 301 1723 331 forte
1742 301 1813 331 aliis

173 359 230 390 per
259 349 338 379 alias
374 349 498 390 imperii
530 351 705 391 provintias
737 350 931 381 constitutis.
985 350 1066 380 Cum
1091 351 1176 381 enim
1202 351 1255 380 alii
1280 351 1351 381 laici
1382 351 1543 392 principes
1568 363 1605 382 ae
1631 352 1756 382 nobiles
1782 356 1814 382 et

174 401 303 431 vassalli
336 400 376 431 ab
401 401 546 432 eeclesiis
572 403 688 432 nostris
721 401 909 443 possideant
933 402 1080 443 plurima,
1111 401 1242 432 cottidie
1274 402 1419 443 pluribus
1449 403 1583 441 inhiant⁷
1618 406 1813 444 exoptantes

174 452 388 487 occasionem,
415 464 471 494 per
495 463 589 494 quam
614 454 645 483 in
670 453 753 484 bona
778 454 898 484 irruant
923 456 954 484 et
978 463 1016 484 ea
1040 453 1215 484 commodis
1241 454 1308 484 suis
1328 454 1456 485 valeant
1480 456 1676 497 mancipare.
1722 455 1812 490 Quod

174 503 210 538 si,
242 503 325 544 quod
357 503 513 535 Dominus
543 508 677 536 avertat.
710 505 810 536 semel
844 504 1015 539 accideretq
1052 508 1155 535 status
1187 505 1397 536 ecclesiarum
1430 510 1621 544 nostrarum,
1653 507 1706 548 qui
1731 518 1814 538 nune

172 555 416 596 qualiscumque
447 559 505 591 est„
538 567 710 597 numquam
742 557 1019 598 recupe1·aretur'¹.
1111 558 1160 597 (2)
1190 556 1231 587 Et
1256 557 1384 598 quidem
1410 557 1556 588 dominus
1582 559 1758 600 imperator
1782 559 1813 589 in

172 607 316 637 sollemni
353 608 440 637 curia
472 608 503 637 in
539 607 658 639 diocesi
688 608 895 649 Moguntinae
931 607 1015 638 sedis
1050 608 1214 638 celebrata
1248 619 1355 639 coram
1391 609 1600 640 universitate
1633 610 1813 651 principum

171 659 370 700 aliorumque
400 659 573 689 baronumc
602 663 698 701 atquc
730 660 882 690 nobilium
917 660 1148 700 querimoniam
1175 659 1269 690 valde
1302 660 1535 691 rationabiliter
1566 662 1733 702 proposuit
1757 662 1813 692 ad-

172 721 284 741 versus
310 711 530 742 intolerabiles
553 712 694 743 iniurias.
720 722 798 752 quas
817 711 978 741 dominum
996 722 1112 752 papam
1131 714 1242 742 contra
1259 712 1341 742 sacri
1358 712 1427 742 iura
1444 712 1567 753 imperii
1586 714 1812 754 e0n‹pieritur‘¹

175 762 233 792 sibi
252 762 411 803 irrogasse
430 773 530 804 usque
548 764 587 794 ad
605 767 731 804 tempus
749 774 840 793 suum
859 763 1060 804 intemptata.
1141 763 1186 803 (23)
1214 763 1345 794 Scilicet
1365 764 1395 794 in
1414 765 1498 794 facto
1516 764 1782 796 Cremonensium
1793 772 1814 797 ⁰.

173 814 235 849 Qui
260 825 332 845 eum
357 815 421 845 suis
452 826 508 856 pro
533 816 721 846 excessibus
745 815 850 845 banno
875 815 1033 856 imperiali
1059 815 1188 856 publice
1214 816 1383 856 proscripti
1409 819 1528 848 essent,
1554 816 1702 847 dominus
1729 828 1811 858 papa

174 866 339 896 universas
364 866 580 898 Lombardiae
605 867 750 897 0111111105
776 877 793 897 a
819 866 952 897 servicio
971 866 1090 896 domini
1115 867 1318 908 imperatoris
1336 871 1368 898 et
1389 866 1521 898 ferendo
1541 868 1660 898 auxilio
1680 867 1805 909 {dehor-

171 921 255 948 tatus
281 918 370 959 estlf:
396 919 557 960 episcopis
582 929 709 960 quoque
734 919 763 948 in
782 919 898 949 virtute
924 918 1128 949 obedientiae
1153 918 1329 949 districtius
1355 919 1504 953 iniunxit,
1531 930 1570 949 ne
1596 919 1677 960 quod
1705 920 1732 950 ei
1757 920 1811 950 ad-

172 970 322 1000 iutorium
347 971 492 1001 facerent
516 971 567 1001 vel
594 971 700 1012 aliquo
725 970 819 1001 modo
845 981 954 1001 seeum
980 974 1214 1011 comparerent.
1305 971 1352 1011 (1)
1377 970 1519 1001 Maxime
1539 975 1646 1002 autem
1673 971 1712 1001 de
1730 972 1814 1002 sacto

172 1022 374 1053 Trevirensis
400 1023 568 1053 eeclesiae.
594 1023 633 1053 110
658 1034 720 1064 quo
746 1023 830 1053 credi
857 1033 918 1053 non
944 1023 1058 1064 potuit,
1084 1022 1168 1063 quod
1194 1023 1250 1053 tali
1276 1023 1336 1053 1100
1361 1023 1422 1052 11110
1448 1022 1598 1053 claudere
1624 1023 1732 1053 vellet.
1781 1024 1813 1053 Si

171 1075 255 1106 enim
282 1074 458 1105 secundum
483 1075 716 1105 ordinationem
743 1075 811 1105 eius
838 1075 956 1105 factum
983 1074 1012 1104 id
1038 1078 1252 1116 permaneret,
1285 1074 1446 1104 videretur
1475 1075 1644 1115 imperium
1671 1075 1811 1105 demem-

171 1127 351 1158 brationem
378 1130 409 1157 et
434 1127 604 1157 maximam
631 1127 678 1157 5111
704 1127 780 1157 111115
805 1127 1047 1157 diminutionem
1083 1126 1268 1156 incurrisse.
1300 1127 1493 1167 pracsertim
1518 1137 1590 1156 eum
1616 1127 1694 1156 nulli
1721 1131 1811 1157 ante-

170 1189 334 1209 cessorum
359 1179 555 1220 imperialisg
579 1179 759 1209 maiestatis
784 1179 824 1209 ab
849 1177 1112 1209 antecessoribus
1137 1177 1256 1208 domini
1289 1189 1391 1219 papae
1423 1178 1540 1208 factum
1566 1178 1665 1208 fuisse
1692 1189 1812 1209 memo-

172 1235 268 1262 retur.
294 1231 374 1272 quod
401 1231 515 1272 aliquis
541 1231 765 1272 episcoporum
790 1231 821 1260 in
847 1234 934 1261 terra
958 1230 1133 1260 Teutonica
1159 1229 1437 1260 consecrationem
1463 1230 1550 1270 prius
1575 1240 1670 1270 quam
1692 1230 1812 1271 regalia

171 1283 360 1324 susceperit.
412 1283 504 1318 Quod
536 1282 683 1324 011111110111
714 1283 825 1312 rationi
863 1293 924 1312 non
963 1281 1121 1322 derogans
1160 1282 1189 1311 in
1222 1281 1301 1312 haec
1332 1284 1478 1322 tempora
1507 1292 1583 1311 usus
1617 1281 1813 1323 approbatus

169 1335 290 1365 celebri
322 1335 470 1365 firmitate
503 1334 715 1366 conservavit.
771 1333 834 1365 Sed
864 1345 922 1364 nec
954 1334 1035 1364 hanc
1065 1334 1190 1375 imperii
1222 1333 1381 1364 iusticiam
1415 1344 1471 1374 per
1500 1333 1663 1364 dominum
1698 1345 1814 1375 papam

170 1386 402 1427 infringendam
434 1386 580 1417 (lominus
610 1386 783 1427 imperator
813 1385 958 1423 credidit7
993 1396 1074 1416 011111.
1110 1389 1144 1415 ut
1174 1385 1380 1415 attestatione
1410 1385 1642 1416 venerabilium
1676 1386 1812 1415 virorum

169 1438 436 1468 Mouastericnsis
470 1441 501 1468 et
526 1437 672 1469 Astensis
698 1438 922 1479 episcoporum
954 1441 985 1467 et
1019 1438 1122 1468 fidelis
1154 1438 1211 1467 viri
1237 1437 1363 1468 Ottonis
1389 1437 1582 1468 chdadarii
1608 1438 1810 1468 manifestum

169 1493 228 1528 est⁷
265 1500 343 1530 quos
380 1489 523 1520 eiusdem
557 1490 644 1520 verbi
682 1500 853 1531 sponsores
892 1489 931 1520 ad
969 1500 1041 1519 eum
1079 1489 1210 1523 remisita
1245 1488 1406 1519 dominum
1438 1489 1621 1519 Folmarum
1656 1501 1690 1520 se
1721 1500 1812 1520 num-

118 1554 141 1571 ·.·:.
170 1552 263 1582 quam
292 1547 551 1571 consecraturum
582 1543 612 1572 in
641 1542 738 1572 verbo
767 1541 897 1572 Domini
927 1541 1118 1582 promiserit.
1209 1541 1255 1580 (ὃ)
1288 1540 1439 1571 Ceterum
1472 1541 1502 1570 in
1531 1541 1810 1583 archiepiscopatu

169 1593 401 1624 Mediolanensi
432 1594 563 1624 iniurias
594 1594 634 1623 al)
666 1606 703 1625 eo
735 1594 795 1624 sibi
821 1597 853 1624 et
877 1593 1010 1634 imperio
1036 1593 1137 1623 factas
1163 1593 1192 1622 in
1224 1592 1354 1633 publico
1378 1594 1554 1633 proposuit.
1600 1592 1649 1623 Ea
1674 1604 1810 1634 namque

169 1645 261 1676 sedes
292 1648 411 1686 quanto
441 1645 512 1675 aliis
543 1646 573 1676 in
604 1645 698 1676 ltalia
730 1646 829 1676 maior
859 1645 998 1675 habetur
1029 1647 1061 1674 et
1089 1644 1223 1685 dignior,
1255 1647 1342 1674 tanto
1366 1644 1468 1685 magis
1494 1645 1594 1675 virum
1620 1644 1811 1685 prudentem

168 1700 200 1727 et
224 1697 335 1727 utilem
361 1697 527 1737 imperium
552 1697 582 1726 in
607 1708 646 1727 ea
670 1697 854 1728 necessario
878 1696 1021 1737 requirit.
1069 1695 1143 1729 Sed
1170 1699 1203 1726 ut
1227 1696 1354 1731 asserit„
1380 1696 1557 1726 antistitem
1583 1696 1626 1726 illi
1652 1697 1810 1727 ecclesiae

168 1752 201 1779 et
236 1759 328 1778 usum
364 1748 520 1789 regalium
555 1749 688 1790 imperio
726 1749 788 1779 iam
823 1748 877 1778 diu
918 1748 1057 1789 negavit.
1163 1747 1208 1787 (6)
1238 1747 1365 1778 Adiecit
1401 1748 1547 1788 insuper,
1582 1748 1667 1788 quod
1704 1748 1812 1778 multis

171 1800 393 1831 exactionibus
429 1801 584 1831 ccclesiae
615 1801 739 1841 imperii
769 1804 944 1841 graventur
976 1811 994 1830 a
1024 1800 1099 1837 suis,
1138 1799 1287 1830 videlicet
1319 1800 1403 1840 qued
1435 1803 1499 1830 tam
1529 1800 1686 1830 ecclcsiae
1717 1811 1811 1841 quam

169 1853 310 1886 0011011111,
346 1853 460 1893 quibus
496 1863 555 1883 nee
591 1852 775 1883 necessaria
815 1855 1004 1894 suppetunt,
1039 1853 1069 1882 in
1101 1852 1288 1893 erogatione
1320 1853 1486 1893 pecuniae,
1524 1852 1553 1882 in
1591 1856 1685 1892 pastu
1719 1853 1810 1882 fami-

169 1905 293 1936 liarum.
324 1905 355 1935 in
381 1905 597 1935 stabulatione
622 1915 777 1945 equorum
804 1915 901 1945 super
932 1904 1179 1945 possibilitatem
1205 1914 1294 1934 suam
1322 1903 1482 1934 deservire
1508 1907 1674 1944 cogantur.
1721 1904 1811 1934 Haec

171 1961 202 1988 ct
226 1957 315 1998 plura
335 1956 480 1987 dominus
497 1960 607 1987 noster
625 1956 849 1987 serenissimus
868 1956 1044 1997 imperator
1061 1956 1091 1986 in
1109 1956 1189 1986 facie
1208 1956 1372 1986 sollemnis
1392 1956 1501 1986 curiae
1520 1956 1610 1986 nobis
1628 1956 1810 1997 ceterisque

170 2009 366 2050 principibus
392 2008 458 2038 suis
482 2009 658 2049 proposuit,
684 2007 850 2038 evidenter
874 2007 1056 2042 ostendens7
1082 2007 1166 2048 quod
1192 2008 1272 2037 tales
1300 2007 1431 2037 iniurias
1457 2007 1495 2038 ad
1520 2018 1695 2047 gravamen
1713 2018 1807 2038 suum

172 2064 203 2091 et
227 2060 468 2091 diminutionem
497 2060 619 2101 imperii
651 2060 780 2090 honoris
812 2070 871 2090 1100
901 2059 1003 2100 possit
1033 2069 1091 2089 nee
1121 2059 1239 2089 debeat
1272 2059 1443 2090 sustinere.
1533 2058 1582 2100 (7‘)
1609 2058 1812 2100 Quapropter

171 2113 436 2154 circumspectam
456 2112 656 2142 sanctitatem
676 2115 815 2142 vestram
833 2111 982 2141 duximus
1001 2111 1156 2141 attentius
1175 2111 1358 2141 necessaria
1376 2122 1507 2152 precum
1526 2111 1673 2141 instantia
1694 2111 1810 2141 sollici-

170 2164 309 2195 tandain.
341 2164 491 2204 quatinus
523 2164 640 2194 intuitu
671 2162 798 2193 divinae
833 2162 1104 2193 renumerationis
1134 2166 1166 2193 et
1194 2173 1251 2203 pro
1280 2162 1400 2193 honore
1425 2166 1457 2193 et
1486 2163 1716 2203 trampullitate
1740 2163 1810 2192 uni-

170 2216 303 2247 versalis
333 2216 491 2246 ecclesiae
523 2226 559 2245 ac
590 2215 716 2256 imperii
746 2226 804 2245 nec
833 2225 896 2245 11011
926 2225 981 2256 1110
1015 2215 1117 2245 salute
1142 2214 1240 2244 totius
1266 2214 1344 2244 01011
1369 2218 1401 2244 et
1426 2215 1620 2245 christianae
1646 2214 1811 2254 religionis

169 2267 383 2299 reverendum
413 2270 536 2308 patrem
566 2270 710 2297 nostrum
741 2266 906 2297 dominum
941 2277 1059 2308 papam
1102 2265 1246 2297 studiose
1276 2267 1518 2301 commoneatis.¹
1552 2269 1586 2296 ut
1619 2266 1812 2296 salutaribus

171 2319 375 2350 discretionis
399 2322 528 2350 vestrae
552 2319 679 2349 monitis
704 2319 831 2349 facilem
858 2318 1097 2358 intelligentiae
1123 2328 1200 2348 suae
1225 2328 1335 2349 aurem
1360 2317 1548 2348 accomodet
1572 2320 1604 2348 et
1628 2318 1700 2358 paci
1717 2321 1812 2358 atque

170 2371 362 2402 concordiae
388 2371 471 2401 inter
503 2371 607 2412 ipsum
634 2374 665 2401 et
689 2370 854 2400 (lominum
879 2373 1024 2400 nostrum
1056 2369 1284 2411 imperatorem
1314 2369 1534 2400 reformandae
1560 2370 1636 2400 velit
1660 2380 1731 2400 eam
1756 2369 1810 2399 ad-

171 2423 282 2454 hibere
307 2422 517 2463 diligentiam,
545 2422 628 2463 quod
652 2425 788 2463 uterque
813 2432 869 2452 suo
896 2422 964 2452 iure
989 2421 1130 2462 gaudeat
1148 2424 1178 2451 et
1195 2422 1330 2452 affectus
1348 2421 1531 2452 dilectionis
1550 2431 1659 2452 eorum
1678 2424 1813 2461 paterna

172 2474 389 2505 sollicitudine
414 2473 586 2505 salubriter
603 2474 643 2504 ad
669 2473 816 2504 subditos
837 2473 944 2504 valeat
967 2473 1147 2514 pervenire.
1238 2472 1284 2513 (8)
1309 2472 1478 2503 Veraeiter
1496 2483 1632 2513 namque
1649 2483 1667 2502 a
1684 2472 1811 2502 domino

171 2527 365 2567 imperatore
398 2526 618 2556 intelleximus
655 2528 686 2555 ct
717 2535 771 2566 pro
802 2525 870 2565 ipso
900 2528 1067 2557 testamur.
1105 2523 1189 2565 quod
1226 2527 1356 2565 paratus
1389 2528 1436 2554 est
1467 2528 1498 2554 et
1528 2534 1651 2565 semper
1682 2524 1741 2553 fuit
1772 2523 1811 2554 ad

172 2577 351 2608 faciendam
377 2577 536 2607 iusticiam
562 2580 594 2607 et
619 2576 835 2617 recipiendam
861 2579 894 2606 et
914 2587 1012 2617 super
1036 2575 1095 2614 his,
1122 2586 1203 2617 quae
1224 2575 1379 2606 adversus
1399 2575 1566 2616 imperium
1585 2575 1719 2605 ecelesia
1739 2586 1811 2616 pro-

172 2629 325 2670 posuerit,
351 2628 498 2659 iusticiae
524 2629 590 2659 sive
615 2628 784 2659 arbitratui
809 2628 963 2658 bonorum
988 2627 1129 2658 virorum
1154 2638 1323 2658 assensum
1348 2638 1438 2657 suum
1463 2626 1629 2657 adhibere.
1676 2627 1812 2668 Propter

177 2680 259 2722 quod
286 2680 497 2711 honorabiles
524 2680 608 2710 viros
632 2680 812 2710 litteratura
837 2679 1010 2720 praeditos.
1035 2679 1205 2720 prudentia
1229 2683 1261 2710 et
1277 2679 1471 2710 discretione
1497 2678 1692 2719 perspicuos
1718 2689 1807 2719 prae-

276 2783 340 2809 316.
366 2783 390 2811 b)
411 2788 571 2816 recuperaret
589 2784 643 2808 ced.
733 2784 754 2812 e,
774 2784 897 2808 baranum
917 2783 971 2807 cod.
1070 2781 1095 2813 d)
1116 2791 1226 2815 eonquer
1245 2783 1299 2807 cod.
1387 2782 1410 2813 Ο)
1430 2784 1551 2808 Cremone
1571 2783 1624 2807 conl.
1713 2781 1734 2812 f)
1753 2791 1811 2814 51111»

172 2827 240 2860 plevi
259 2837 289 2852 ca·
309 2836 346 2851 nr.
361 2830 412 2851 575.
502 2830 526 2854 53>
545 2827 663 2859 imperiae
682 2827 735 2851 cml.
