2205 3072
334 162 395 191 684
584 159 765 185 FRIDERICI
784 159 804 184 Ι.
825 157 1067 184 CONSTITUTIO
1087 157 1251 183 DUCATUS
1271 156 1460 182 AUSTRIAE.
1498 157 1570 183 1156.
1607 157 1654 183 Nr.
1669 157 1728 183 455.

335 245 453 276 ducatu
485 245 726 276 successoribus
755 254 814 274 nec
852 255 915 275 non
945 244 1069 286 prefate
1103 246 1188 274 terre
1218 242 1348 280 Austrie
1377 242 1568 273 subnotatas
1599 243 1861 280 constituciones,
1897 253 1972 273 con-

335 297 499 327 cessiones
528 300 559 327 ct
587 296 719 333 indulta,
752 297 944 326 auctoritate
969 295 1128 336 imperiali
1159 295 1191 324 in
1220 295 1290 325 iura
1313 295 1410 336 plena
1440 297 1472 325 et
1500 297 1659 335 perpetua
1690 294 1850 333 redactas,
1874 294 1973 325 dona-

334 349 436 378 vimus
472 348 650 378 liberaliter
685 348 796 388 vigore
830 347 1033 390 presencium
1069 349 1102 377 et
1136 346 1302 377 donamus.
1394 345 1439 385 (4)
1471 345 1579 376 Primo
1612 345 1753 387 quidem,
1788 345 1872 387 quod
1908 345 1973 376 dux

334 400 465 437 Austrie
499 399 615 440 quibus
652 398 737 430 suisb
768 398 919 429 subsidiis
951 408 1007 429 seu
1037 397 1182 428 serviciis
1213 400 1351 436 tenetur,
1385 407 1444 427 nec
1477 407 1549 427 esse
1574 396 1674 428 debet
1698 397 1856 428 obnoxius
1881 407 1973 427 sacro

334 451 480 482 Romano
506 451 641 492 imperio
674 460 734 481 nec
763 450 911 491 cuiquam
943 449 1046 487 alteri,
1076 449 1136 479 nisi
1165 459 1203 479 ea
1233 448 1272 479 de
1297 448 1347 478 sui
1371 447 1495 478 arbitrii
1523 447 1637 479 fecerit
1660 448 1823 486 libertate,
1854 458 1891 479 eo
1916 457 1973 478 ex-

335 506 428 544 cepto
454 502 632 539 dumtaxat,
666 501 750 543 quod
782 501 918 542 imperio
951 501 1071 531 servire
1095 500 1259 531 tenebitur
1287 500 1319 530 in
1342 499 1520 541 Vngariam
1549 499 1717 530 duodecim
1742 500 1817 530 viris
1842 499 1975 530 armatis

334 565 391 595 per
416 564 557 584 mensem
587 563 685 583 unum
711 553 769 583 sub
793 553 945 594 expensis
971 552 1117 594 propriis,
1149 552 1181 582 in
1210 551 1279 582 eius
1304 551 1351 582 rei
1376 550 1586 587 evidenciam,
1616 554 1652 581 ut
1674 551 1826 592 princeps
1851 550 1976 592 imperii

335 605 529 636 dinoscatur.
620 604 669 646 (5)
694 605 762 635 Nec
786 615 843 646 pro
868 603 1087 635 conducendis
1111 603 1215 634 feodis
1240 603 1403 644 requirere
1429 613 1485 633 seu
1509 602 1666 633 accedere
1684 602 1783 633 debet
1806 602 1974 644 imperium

336 660 428 687 extra
453 660 555 687 metas
580 656 722 693 Austric,
752 666 864 686 verum
896 655 927 685 in
961 658 1047 685 terra
1072 654 1202 685 Austrie
1228 653 1290 684 sibi
1319 653 1439 684 debent
1468 664 1527 684 sua
1553 653 1650 684 feoda
1674 653 1811 684 conferri
1835 664 1893 695 per
1917 654 1975 684 im-

335 709 459 749 perium
485 711 517 738 et
540 707 652 739 locari.
697 707 791 743 Quod
816 708 841 737 si
866 707 927 737 sibi
952 706 1168 747 denegaretur
1192 706 1232 736 ab
1257 705 1403 746 imperiO,
1428 705 1573 746 requirat
1597 708 1629 736 et
1651 706 1762 746 exigat
1785 705 1976 736 litteratorie

335 760 419 790 trina
443 760 523 797 vice,
548 770 609 801 quo
635 760 719 790 facto
743 760 827 790 iuste
853 769 911 789 sua
935 758 1116 800 possidebit
1139 757 1235 788 feoda
1260 758 1327 788 sine
1353 757 1476 788 offensa
1499 757 1633 798 imperii,
1658 767 1696 787 ac
1721 757 1746 787 si
1771 767 1810 788 ea
1826 767 1976 798 corpora-

335 811 408 841 liter
444 810 664 842 conduxisset.
758 810 806 851 (6)
839 810 915 841 Dux
950 811 1051 841 eciam
1082 810 1213 840 Austris
1245 820 1308 840 non
1338 813 1467 840 tenetur
1498 809 1637 850 aliquam
1670 809 1790 839 curiam
1822 808 1978 839 accedere

336 864 473 894 edictam
508 874 565 905 per
598 864 767 905 imperium
804 874 861 894 seu
895 863 1040 904 quemvis
1076 862 1185 901 alium,
1222 862 1283 892 nisi
1318 861 1402 891 ultro
1440 863 1473 891 et
1502 860 1541 891 de
1575 870 1632 890 sua
1660 860 1775 891 fecerit
1804 860 1978 890 voluntate.

337 915 385 956 (7)
411 915 585 957 Imperium
612 925 737 956 quoque
762 915 883 945 nullum
909 914 1038 945 feodum
1065 913 1186 944 habere
1211 913 1307 943 debet
1324 912 1456 943 Austrie
1480 913 1511 942 in
1529 911 1663 946 ducatu:
1690 912 1809 942 sivero
1828 912 1978 953 princeps

336 968 451 1009 aliquis
477 968 527 998 vel
552 967 684 998 alterius
709 970 811 997 status
834 976 975 1008 persona
999 965 1116 996 nobilis
1142 965 1193 995 vel
1218 964 1370 1005 ignobilis
1398 964 1626 1004 cuiuscumque
1645 963 1839 994 condicionis
1859 963 1978 993 existat

336 1019 473 1050 haberet
496 1019 528 1049 in
551 1018 635 1049 dicto
660 1018 778 1049 ducatu
803 1018 1028 1059 possessiones
1052 1016 1092 1047 ab
1118 1016 1188 1057 ipso
1212 1016 1280 1046 iure
1304 1014 1425 1046 feodali
1449 1014 1680 1056 dependentes,
1710 1014 1768 1045 has
1793 1014 1871 1044 nulli
1896 1014 1980 1045 locet

337 1082 392 1102 seu
419 1071 573 1107 conferat,
598 1071 659 1101 nisi
685 1081 741 1101 eas
767 1070 854 1111 prius
880 1068 1070 1100 conduxerit
1095 1078 1113 1098 a
1137 1067 1219 1098 duce
1245 1067 1375 1097 Austrie
1401 1069 1597 1102 memorato:
1622 1066 1711 1096 cuius
1737 1066 1931 1096 contrarium
1954 1066 1980 1095 si

337 1123 462 1153 fecerit.
488 1122 601 1153 eadem
626 1122 723 1152 feoda
746 1121 787 1152 ad
811 1121 925 1151 ducem
950 1120 1080 1157 Austrie
1105 1119 1257 1150 devoluta
1280 1118 1382 1149 libere
1406 1117 1464 1148 sibi
1491 1120 1609 1148 extunc
1634 1117 1703 1148 iure
1720 1117 1931 1158 proprietatis
1949 1120 1981 1148 et

338 1174 449 1204 directi
474 1173 605 1204 dominii
631 1173 849 1215 pertinebunt,
880 1172 1078 1213 principibus
1103 1170 1332 1201 ecclesiasticis
1358 1172 1389 1199 et
1414 1169 1617 1199 monasteriis
1642 1169 1788 1210 exceptis
1812 1168 1981 1199 dumtaxat

338 1227 369 1256 in
393 1226 454 1255 hoc
480 1236 566 1256 casu.
656 1224 704 1266 (S)
731 1224 856 1255 Cuncta
881 1224 983 1254 eciam
1008 1223 1166 1254 secularia
1189 1223 1317 1258 iudicia,
1351 1222 1492 1252 bannum
1517 1221 1713 1252 silvestrium
1739 1224 1771 1252 et
1794 1220 1979 1258 ferinarum,
2008 1228 2019 1246 ἱ)

338 1278 464 1319 piscine
501 1280 532 1307 et
570 1287 701 1307 nemora
732 1277 762 1306 in
795 1275 912 1306 ducatu
937 1275 1067 1312 Austris
1092 1274 1213 1305 debent
1241 1274 1310 1304 iure
1339 1272 1459 1303 feodali
1483 1283 1502 1303 a
1526 1272 1606 1303 duce
1632 1272 1761 1309 Austrie
1784 1272 1979 1313 dependere.

340 1330 388 1370 (9)
412 1329 524 1360 Eciam
559 1328 655 1359 debet
685 1328 751 1358 dux
776 1327 905 1369 Austrie
933 1326 972 1357 de
998 1326 1093 1357 nullis
1123 1325 1385 1368 opposicionibus
1410 1325 1461 1355 vel
1485 1324 1619 1355 obiectis
1645 1324 1899 1365 quibuscumque
1924 1333 1982 1354 nec

340 1392 446 1412 coram
465 1380 599 1422 imperio
625 1391 682 1410 noc
705 1380 775 1410 aliis
794 1378 989 1420 quibuslibet
1007 1378 1156 1419 cuiquam
1175 1377 1382 1418 respondere,
1406 1376 1467 1406 nisi
1484 1376 1515 1407 id
1533 1386 1591 1406 sua
1608 1375 1738 1417 propria
1756 1379 1787 1406 et
1804 1378 1983 1416 spontanea

337 1433 446 1463 facere
478 1432 616 1462 voluerit
648 1432 828 1462 voluntate:
863 1430 919 1460 sed
953 1430 979 1460 si
1010 1429 1158 1465 voluerit,
1194 1439 1291 1459 unum
1324 1428 1432 1459 locare
1456 1428 1573 1468 poterit
1597 1427 1636 1457 de
1662 1427 1728 1457 suis
1752 1427 1900 1457 vassallis
1925 1436 1982 1456 seu

2006 711 2028 729 10

2008 973 2029 990 15

338 1484 530 1524 homolegiis
559 1487 591 1514 et
623 1494 729 1514 coram
764 1483 818 1512 illo
851 1481 1026 1512 secundum
1059 1481 1213 1511 terminos
1238 1480 1377 1521 prefixos
1404 1490 1518 1521 parere
1543 1481 1651 1520 potest
1676 1482 1708 1508 et
1732 1478 1830 1508 debet
1854 1478 1981 1508 iusticie
2009 1488 2033 1506 25

340 1536 586 1577 complemento.
677 1534 746 1575 (10)
774 1534 911 1575 Insuper
935 1536 1044 1574 potest
1072 1532 1156 1563 idem
1181 1532 1247 1562 dux
1265 1532 1407 1566 Austrie,
1432 1531 1559 1572 quando
1583 1531 1799 1571 inpungnatus
1823 1530 1919 1560 fuerit
1943 1529 1983 1560 ab

339 1588 446 1628 aliquo
473 1587 511 1618 de
537 1587 653 1619 duello.
684 1597 742 1627 per
770 1596 868 1616 unum
897 1584 1059 1625 ydoneum
1085 1594 1149 1614 non
1174 1584 1206 1613 in
1231 1583 1433 1613 enormitatis
1462 1583 1589 1612 macula
1613 1585 1773 1612 retentum
1798 1582 1884 1612 vices
1909 1591 1983 1611 suas

339 1649 470 1680 prorsus
497 1639 665 1679 supplere;
690 1641 721 1668 et
745 1638 833 1668 illum
859 1638 929 1679 ipsa
954 1637 1068 1668 eadem
1093 1636 1144 1666 die
1170 1646 1227 1666 seu
1245 1635 1396 1676 princeps
1415 1635 1465 1665 vel
1484 1635 1566 1665 alius
1585 1635 1754 1675 quisquam
1774 1644 1830 1675 pro
1848 1634 1983 1664 alicuius

340 1694 415 1720 nota
438 1690 569 1720 infamie
594 1700 656 1719 non
683 1692 789 1730 potest
813 1689 970 1730 impetere
994 1699 1053 1719 nec
1072 1688 1171 1718 debet
1188 1687 1389 1728 impugnare.
1479 1685 1547 1726 (11)
1572 1685 1728 1716 Preterea
1745 1684 1899 1726 quidquid
1917 1684 1983 1715 dux

339 1742 471 1771 Austrie
497 1741 528 1771 in
561 1741 653 1771 terris
686 1741 752 1771 suis
778 1751 834 1771 seu
867 1740 1067 1771 districtibus
1092 1740 1156 1769 suis
1187 1739 1301 1769 feccrit
1324 1738 1374 1768 vel
1399 1737 1557 1773 statuerit,
1588 1736 1648 1767 hoc
1678 1737 1853 1778 imperator
1877 1746 1982 1777 neque

341 1793 405 1823 alia
430 1793 579 1833 potencia>
603 1792 706 1822 modis
732 1802 789 1822 seu
808 1792 864 1822 viis
883 1792 1138 1833 quibuscumque
1159 1801 1221 1821 non
1246 1790 1343 1820 debet
1360 1790 1391 1819 in
1410 1788 1495 1819 aliud
1514 1798 1639 1829 quoquo
1658 1787 1751 1818 modo
1769 1788 1799 1818 in
1819 1793 1984 1828 posterum

341 1848 549 1874 commutare.
640 1844 710 1884 (12)
735 1843 777 1874 Et
803 1844 838 1879 si,
864 1843 948 1885 quod
973 1843 1062 1874 Deus
1087 1846 1221 1879 avertat,
1247 1841 1311 1871 dux
1337 1840 1466 1877 Austrie
1491 1841 1559 1870 sine
1584 1839 1703 1870 herede
1721 1839 1784 1869 filio
1802 1839 1983 1876 decederet,

341 1895 424 1925 idem
464 1895 598 1925 ducatus
639 1894 677 1925 ad
717 1895 877 1925 seniorem
916 1894 1013 1924 filiam
1052 1904 1147 1935 quam
1184 1892 1348 1933 reliquerit
1382 1891 1581 1922 devolvatur.
1672 1890 1742 1931 (13)
1774 1891 1862 1921 Inter
1886 1889 1984 1920 duces

341 1946 473 1984 Austrie
497 1947 549 1988 qui
575 1948 681 1977 senior
704 1947 800 1977 fucrit
825 1946 1001 1976 dominium
1018 1945 1178 1976 habeant⁰
1202 1945 1284 1981 dicte
1301 1947 1395 1982 terre.
1420 1943 1459 1973 ad
1478 1944 1568 1973 cuius
1587 1943 1688 1973 eciam
1707 1943 1867 1973 seniorem
1885 1942 1984 1972 filium

342 1998 518 2029 dominium
542 1999 610 2029 iure
634 1998 831 2029 hereditario
858 1997 1043 2035 deducatur,
1069 1997 1113 2027 ita
1137 2000 1255 2032 tamen,
1281 1995 1363 2036 quod
1389 1995 1428 2025 ab
1446 1994 1592 2025 eiusdem
1610 1994 1775 2035 sanguinis
1793 1994 1901 2035 stipite
1919 2003 1982 2023 non

343 2049 483 2087 recedat,
508 2060 567 2080 nec
592 2050 726 2080 ducatus
745 2049 877 2079 Austrie
903 2049 967 2078 ullo
983 2059 1124 2089 unquam
1142 2051 1286 2088 tempore
1305 2046 1471 2089 divisionis
1494 2045 1629 2076 alicuius
1646 2045 1781 2086 recipiat
1798 2044 1983 2074 sectionem.

343 2101 413 2140 (14)
445 2102 478 2132 Si
509 2102 579 2142 quis
612 2102 643 2131 in
675 2101 759 2131 dicto
791 2100 909 2131 ducatu
939 2100 1086 2130 residens
1116 2099 1167 2130 vel
1197 2099 1227 2128 in
1257 2109 1295 2128 eo
1326 2098 1548 2139 possessiones
1579 2096 1704 2127 habens
1733 2096 1847 2127 fecerit
1877 2100 1985 2126 contra

343 2152 456 2183 ducem
488 2152 616 2190 Austrie
649 2152 773 2183 occulte
808 2152 858 2181 vel
893 2152 1033 2193 publice,
1071 2154 1121 2181 est
1155 2150 1240 2180 dicto
1272 2149 1344 2180 duci
1376 2150 1407 2179 in
1441 2149 1537 2179 rebus
1568 2151 1600 2178 et
1624 2158 1758 2190 corpore
1783 2148 1851 2178 sine
1877 2147 1986 2188 gracia

344 2204 611 2245 condempnatus.
701 2206 770 2244 (15)
805 2203 978 2244 Imperium
1016 2202 1101 2233 dicto
1134 2202 1207 2233 duci
1236 2201 1367 2239 Austrie
1397 2204 1505 2231 contra
1536 2210 1647 2231 omnes
1677 2210 1750 2230 suos
1780 2199 1985 2229 iniuriatores

344 2255 441 2285 debet
465 2255 612 2285 auxiliari
638 2259 670 2285 et
695 2265 893 2289 succurrere,
927 2253 1010 2294 quod
1040 2254 1199 2283 iusticiam
1225 2255 1428 2293 assequatur.
1519 2252 1586 2292 (16)
1612 2251 1687 2281 Dux
1712 2250 1842 2288 Austrie
1864 2249 1983 2291 princi-

348 2306 412 2348 pali
437 2307 572 2337 amictus
598 2311 698 2339 veste.
724 2306 929 2346 superposito
955 2305 1062 2335 ducali
1086 2305 1183 2346 pilleo
1209 2303 1406 2334 circumdato
1432 2307 1517 2333 serto
1541 2303 1673 2344 pinnito,
1698 2302 1846 2332 baculum
1863 2301 1986 2331 habens

346 2359 375 2388 in
401 2357 558 2391 manibus,
591 2368 673 2398 equo
699 2357 856 2394 assidens,
887 2361 918 2386 et
949 2357 1080 2397 insuper
1104 2366 1190 2386 more
1216 2356 1350 2385 aliorum
1375 2355 1552 2395 principum
1579 2354 1715 2395 imperii,
1741 2352 1919 2383 conducere
1945 2352 1984 2382 ab

345 2410 477 2450 imperio
504 2409 598 2439 feoda
623 2419 678 2439 sua
699 2408 806 2439 debet.
896 2408 964 2448 (17)
989 2407 1075 2438 Dicti
1094 2408 1181 2438 ducis
1201 2407 1460 2437 institucionibus
1479 2410 1510 2436 et
1527 2405 1798 2435 destitucionibus
1816 2405 1846 2434 iu
1865 2403 1983 2433 ducatu

345 2471 400 2490 suo
425 2461 553 2498 Austrie
578 2464 627 2491 est
651 2459 846 2501 parcn(lun1;
871 2462 904 2489 et
927 2462 1036 2499 potest
1060 2459 1091 2488 in
1117 2459 1209 2488 terris
1235 2458 1300 2488 suis
1325 2457 1474 2487 omnibus
1499 2461 1610 2487 tenere
1627 2456 1745 2486 Iudeos
1771 2459 1802 2485 et
1821 2455 1984 2485 usurarios

346 2512 501 2552 publicos,
533 2522 611 2552 quos
636 2513 751 2551 vulgus
778 2514 869 2541 vocat
894 2509 1126 2549 Gawertschin,
1157 2510 1226 2540 sine
1251 2509 1377 2550 imperii
1402 2508 1551 2538 molestia
1575 2511 1606 2538 et
1631 2508 1765 2538 offensa.
1856 2507 1923 2546 (18)
1950 2506 1982 2536 Si

346 2564 461 2603 quibus
487 2563 573 2593 suis¹¹
599 2564 693 2593 curiis
717 2562 853 2603 publicis
879 2562 1004 2602 imperii
1029 2561 1095 2591 dux
1114 2561 1245 2591 Austrie
1270 2571 1404 2602 presens
1422 2560 1529 2598 fuerit,
1554 2570 1635 2590 unus
1653 2559 1692 2589 de
1712 2558 1860 2600 palatinis
1879 2557 1982 2587 archi—

347 2615 480 2646 ducibus
506 2619 555 2645 est
580 2615 760 2646 censendus
786 2618 818 2645 et
841 2615 1069 2645 nichilominus
1095 2615 1125 2644 in
1151 2624 1304 2644 consessu
1329 2616 1361 2643 et
1382 2613 1512 2643 incessu
1529 2610 1569 2642 ad
1591 2611 1675 2641 latus
1693 2610 1842 2641 dextrum
1860 2609 1983 2649 imperii

299 2680 318 2697 z.
348 2670 420 2706 post
445 2667 602 2697 electores
628 2667 791 2708 principes
810 2666 954 2696 obtineat
978 2666 1112 2706 primum
1130 2665 1248 2695 locum.
1338 2663 1408 2704 (19)
1432 2663 1509 2693 Dux
1528 2662 1658 2699 Austrie
1674 2661 1813 2692 donandi
1833 2664 1864 2691 et
1880 2660 1982 2701 depu-

450 2760 512 2785 455.
539 2761 561 2786 ¹¹)
583 2762 617 2784 δὴ*
633 2769 682 2791 pro
701 2762 841 2791 quibusvis,
931 2762 952 2787 θ)
973 2761 1014 2783 sic.

2011 1745 2035 1763 30

2011 2001 2034 2019 ³5

2010 2257 2036 2275 40
