2205 3072
407 127 446 154 56
828 125 984 151 ΗΤΤΟΝῙΞ
1007 126 1050 151 [11.
1070 126 1388 152 eoNs'rlTUTmNEs.
1424 127 1494 151 lool.
1526 126 1573 150 Nr.
1590 126 1631 151 26.

408 220 467 239 sua
491 210 627 250 propria,
657 214 767 251 utpote
792 211 831 241 ab
857 211 918 241 illis
943 211 1019 252 ipsis
1045 211 1230 252 dilapidata,
1258 211 1467 247 dimittentes,
1498 211 1589 251 quasi
1615 212 1739 252 eulpam
1765 222 1855 242 suam
1880 212 1911 242 in
1937 213 2038 254 impe-

408 261 486 290 rium
517 264 658 291 nostrum
692 265 929 303 retorquentes,
965 262 1004 292 ad
1037 263 1158 293 aliena,
1188 263 1217 293 id
1248 266 1297 293 est
1332 262 1371 293 ad
1404 266 1513 293 nostra
1543 266 1573 293 et
1610 263 1707 301 nostri
1742 262 1865 304 imperii
1898 264 2039 294 maxime

409 312 636 352 migrzwerunt.
681 312 751 342 Hec
777 316 848 343 sunt
871 313 955 343 enim
974 318 1152 344 commenta
1175 314 1214 344 ab
1232 314 1295 344 illis
1315 315 1390 355 ipsis
1408 315 1547 351 inventa,
1573 314 1686 354 quibus
1705 314 1865 345 lohannes
1883 314 2038 345 diaconus

407 367 615 403 cognomento
641 363 823 403 Digitorum
842 363 993 394 Mutilusb
1019 368 1207 405 preceptum
1232 365 1335 395 aureis
1360 365 1475 396 litteris
1500 366 1628 406 scripsit
1652 369 1702 396 etc
1727 365 1785 396 sub
1812 366 1905 396 titulo
1930 366 2038 406 magni

407 414 607 443 Constantini
634 414 740 455 longid
766 415 921 445 mendacii
946 420 1092 456 tempora
1115 416 1217 447 finxit.
1265 416 1335 446 Hee
1359 421 1431 446 sunt
1455 417 1552 447 etiam
1570 420 1761 454 commenta,
1786 416 1900 457 quibus
1918 416 2037 454 dicunt,

406 464 564 505 quendam
594 465 749 496 Karolum
779 469 889 497 sancto
914 466 1010 497 Petro
1045 470 1151 497 nostra
1185 467 1314 508 publica
1347 468 1509 499 tribuisse.
1558 467 1621 498 Sed
1646 467 1684 498 ad
1710 468 1769 498 hee
1793 468 2038 509 respondemus,

405 516 508 556 ipsum
534 515 685 546 Karolum
719 517 815 547 nichil
840 518 915 548 dare
941 519 1008 549 iure
1034 519 1188 559 potuisse,
1221 522 1332 560 utpote
1359 520 1420 550 iam
1446 530 1464 550 a
1488 519 1608 550 Kal-olo
1633 520 1763 550 meliore
1788 520 1945 560 fugatum,
1975 520 2038 550 iam

405 567 537 608 imperio
573 568 746 608 privatum,
783 569 844 599 ian]
878 569 1065 600 destitutum
1098 573 1128 600 et
1152 570 1361 600 adnullatum.
1409 570 1495 611 Ergo
1521 571 1606 612 quod
1631 581 1693 601 non
1718 571 1841 607 habuit,
1865 571 1969 603 dedit:
1994 572 2038 602 sic

404 618 502 651 dedit,
527 619 627 648 sicute
651 619 797 649 nimirum
821 620 897 650 dare
922 621 1033 661 potuit,
1058 625 1169 662 utpote
1192 622 1245 662 qui
1268 622 1351 652 male
1369 622 1542 663 adquisivit
1560 627 1592 653 et
1608 622 1662 653 diu
1681 633 1714 653 se
1731 633 1957 664 possessurum
1974 634 2038 654 non

405 670 556 710 speravit.
601 670 723 710 Spretis
748 681 824 711 ergo
849 672 1078 703 commenticiis
1104 674 1265 714 preceptis
1291 678 1322 703 et
1346 674 1541 714 imaginariis
1566 674 1705 715 seriptis.
1731 684 1773 704 ex
1790 678 1900 704 nostra
1917 674 2033 705 libera-

404 721 493 751 litate
523 725 633 751 sancto
659 721 755 752 Petro
785 722 960 753 donamusf
991 734 1051 764 que
1082 728 1191 754 nostra
1221 728 1303 757 sunt,
1336 735 1398 755 non
1429 725 1489 755 sibi
1518 736 1580 766 que
1605 736 1664 756 sua
1688 729 1771 759 sunt,
1802 726 1903 756 veluti
1929 730 2038 756 nostra

405 772 607 803 conferimus.
654 772 744 802 Sicut
768 774 850 803 enim
876 785 932 815 pro
956 785 1065 805 amore
1084 776 1184 806 sancti
1204 776 1289 806 Petri
1307 776 1456 806 domnum
1476 776 1669 807 Siluestrum
1688 777 1877 818 magistrum
1894 780 2038 808 nostrum

403 833 519 864 papam
562 823 717 864 elegimus
757 828 790 854 et
826 824 897 855 Deo
936 826 1063 857 volente
1106 827 1210 868 ipsum
1250 828 1490 858 serenissimum
1529 828 1745 860 ordinavimus
1786 832 1818 859 et
1849 829 2038 867 creavimus,

404 875 448 904 ita
479 885 534 915 pro
565 885 673 905 amore
698 876 798 916 ipsius
823 876 929 907 domni
955 877 1103 908 Siluestri
1134 889 1214 919 pape
1241 883 1350 909 sancto
1374 880 1470 910 Petro
1495 880 1534 911 de
1564 880 1691 921 publico
1719 883 1827 910 nostro
1852 880 1938 911 dona
1962 891 2037 911 con-

402 926 544 963 ferimus,
574 930 609 956 ut
639 926 758 957 habeat
787 928 953 968 magister,
988 929 1061 970 quid
1086 931 1222 971 principi
1254 934 1361 960 nostro
1386 930 1482 961 Petro
1508 942 1525 961 a
1550 935 1640 972 parte
1666 932 1713 962 sui
1738 931 1885 973 discipuli
1911 933 2035 964 offerat.

403 977 507 1008 Octo*3
535 978 630 1018 igitur
659 979 826 1009 comitatus
860 990 916 1020 pro
948 991 1056 1011 amore
1088 982 1230 1021 magistri
1260 982 1360 1012 nostri
1394 982 1499 1012 domni
1526 982 1671 1013 Siluestri
1698 994 1779 1024 pape
1805 987 1915 1014 sancto
1941 984 2038 1015 Petro

403 1029 566 1059 offerimus
594 1032 625 1059 et
659 1029 829 1065 donamus,
866 1035 901 1061 ut
929 1031 968 1061 ad
994 1032 1144 1062 honorem
1170 1032 1231 1063 Dei
1262 1037 1293 1063 et
1327 1034 1430 1063 saneti
1455 1033 1543 1065 Petri
1568 1045 1639 1065 cum
1664 1045 1722 1065 sua
1747 1039 1778 1065 et
1802 1039 1911 1066 nostra
1936 1036 2038 1067 salute

404 1081 530 1115 habeat,
555 1084 665 1111 teneat
689 1085 721 1111 et
745 1081 784 1112 ad
810 1082 1007 1113 incrementa
1031 1084 1078 1114 sui
1103 1085 1303 1125 apostolatus
1329 1086 1493 1126 nostrique
1520 1086 1645 1127 imperii
1663 1086 1799 1118 ordinet.
1845 1087 1913 1118 Hos
1931 1091 2037 1118 autem

403 1131 462 1161 sibi
488 1131 527 1161 ad
551 1132 760 1162 ordinandum
779 1134 997 1165 concedimus:
1023 1135 1212 1171 Pisaurium,
1233 1136 1367 1170 Fanum,
1387 1136 1614 1177 Senogalliam,
1633 1138 1811 1172 Anconam,
1829 1138 2036 1177 Fossabrum,

403 1182 550 1215 Gallimh„
580 1183 659 1214 Hesi
685 1188 716 1215 et
740 1185 919 1223 Ausimum,
949 1191 982 1216 ut
1012 1187 1117 1217 nullus
1146 1198 1287 1229 unquam
1312 1188 1341 1218 ei
1366 1192 1397 1218 et
1422 1193 1533 1219 sancto
1559 1189 1655 1220 Petro
1680 1189 1800 1220 audeat
1824 1190 1963 1232 aliquam
1988 1191 2035 1221 in-

402 1235 631 1275 quietationem
666 1236 773 1266 facere
809 1241 863 1267 aut
898 1248 969 1267 eum
1000 1239 1105 1279 aliquo
1140 1239 1268 1279 ingenio
1294 1240 1440 1280 fatigare.
1488 1239 1690 1282 Quicumque
1716 1252 1791 1271 vero
1816 1243 2037 1283 presumserit,

402 1286 508 1316 omnia
531 1296 591 1326 que
622 1287 719 1317 habet
743 1289 881 1323 amittat,
912 1293 943 1319 et
968 1294 1099 1320 sanctus
1124 1291 1239 1321 Petrus
1265 1302 1326 1332 que
1352 1296 1425 1321 sunt
1449 1302 1507 1322 sua
1531 1293 1676 1333 recipiat.
1722 1292 1765 1323 Ut
1790 1293 1847 1323 hoc
1872 1297 1980 1324 autem
2005 1295 2037 1324 in

402 1337 558 1368 eternumi
593 1338 632 1368 ab
664 1339 811 1370 omnibus
845 1345 1065 1377 conservetur,
1100 1342 1158 1372 hoe
1193 1347 1379 1384 preceptum
1412 1353 1506 1373 manu
1537 1348 1647 1374 nostra
1679 1344 1747 1382 diu,
1780 1344 1848 1375 Deo
1881 1345 2037 1383 adiutore,

402 1389 523 1419 victura
552 1390 808 1421 confirmavimus
840 1395 871 1422 et
903 1396 1010 1423 nostro
1041 1394 1147 1433 sigillo
1172 1394 1377 1435 precepimus
1403 1395 1563 1435 insigniri,
1599 1398 1633 1426 ut
1664 1395 1724 1426 sibi
1751 1396 1881 1437 suisque
1907 1407 2036 1428 sucees-

402 1441 527 1471 soribus
552 1441 666 1472 valeat.

532 1492 666 1533 Signum
692 1493 798 1524 domni
824 1496 951 1526 Ottonis
977 1496 1046 1535 (M.)
1075 1497 1272 1527 invictissimi
1298 1497 1512 1528 Romanorum
1538 1499 1740 1539 imperatoris
1765 1499 1932 1542 augusti.

501 1604 546 1630 26.
571 1604 595 1635 1’)
615 1606 712 1630 Mutius
731 1616 748 1630 ι’,
846 1609 868 1633 ⁰>
887 1608 1013 1638 supplet-R
1038 1609 1103 1632 alces!
1123 1618 1142 1632 ι’.
1231 1608 1254 1633 [Η
1274 1610 1308 1633 sic
1327 1618 1346 1633 c.
1436 1612 1457 1639 u)
1478 1611 1512 1635 sic
1533 1620 1551 1634 c.
1623 1610 1646 1637 f)
1666 1612 1787 1636 donemus
1807 1622 1824 1635 c.
1897 1615 1920 1639 Β)
1939 1615 1998 1637 otto
2017 1622 2036 1637 c.

400 1647 424 1675 h)
443 1649 512 1672 Galli
532 1657 550 1672 c.
657 1648 673 1674 ἦ)
693 1654 822 1673 eaternum
842 1659 861 1675 c.

2065 685 2088 702 10

2066 946 2087 965 15

2064 1203 2088 1221 '20

2065 1464 2088 1482 25
