2205 3072
135 249 200 267 conc.
217 247 270 270 Mna.

133 502 283 522 ‹'··11··.'l'riiuu·.

173 536 190 548 Γ,
204 532 236 548 51.

297 169 358 197 630
751 162 916 189 SYNODUS
937 160 1228 188 CONFLUENTINA.
1266 160 1323 185 922.
1360 159 1408 185 Nr.
1425 160 1483 185 434.

398 251 439 281 II.
470 251 552 281 Item
587 250 717 291 placuit.
747 252 781 278 ut
812 249 894 278 sicut
922 247 1185 288 praecedentium
1215 246 1384 276 sententiis
1414 249 1539 286 patrum
1570 245 1727 275 firmatur:
1758 250 1850 276 nullus
1875 260 1936 284 pro-

295 308 385 341 prium
409 307 495 333 filium
520 307 562 332 vel
586 305 671 331 filiam
695 314 711 330 a
734 304 811 330 fonte
835 303 1014 337 baptismatis
1038 302 1180 336 suscipiat,
1210 311 1261 328 nec
1284 301 1399 327 filiolam
1427 309 1479 327 nec
1503 302 1683 327 commatrem
1706 301 1790 327 ducat
1813 311 1935 333 uxorem,

294 368 343 385 nec
367 359 442 385 illam
469 358 545 384 cuius
568 357 655 383 filium
680 357 728 382 aut
750 355 835 381 filiam
859 355 894 380 ad
918 354 1157 381 confirmationem
1181 353 1299 379 duxerit.
1340 352 1392 378 Ubi
1411 354 1505 378 autem
1522 353 1628 378 factum
1645 352 1737 384 fuerit,
1762 356 1935 387 separentur.

398 405 459 436 III.
490 405 538 435 De
564 415 611 439 eo.
636 408 671 434 ut
689 413 751 433 non
770 403 878 444 plures
897 402 937 432 ad
955 401 1198 442 suscipiendum
1217 400 1274 431 der
1299 400 1457 441 baptismo
1474 399 1629 429 infantem
1648 400 1813 438 accedant,
1839 412 1933 443 quam

296 468 378 487 unus
404 458 470 487 sive
496 457 543 486 vir
567 456 635 486 sive
660 455 786 485 mulier.
833 454 871 483 In
897 452 1194 483 confirmationibus
1219 461 1346 492 quoque
1371 450 1402 481 id
1426 451 1532 492 ipsum
1556 450 1621 481 fiat.

398 508 477 539 IIII.
510 507 560 538 Sis
591 506 706 536 mulier
729 506 857 536 vivente
887 505 1029 545 legitimo
1054 504 1121 533 viro
1152 504 1192 534 ab
1222 503 1323 534 altero
1359 502 1506 532 fortassis
1536 505 1647 532 contra
1676 502 1724 532 fas
1755 503 1938 535 adulterata

296 561 399 597 fuerit.
425 571 488 591 non
514 560 609 590 liceat
633 559 677 589 illi
702 558 860 595 adultero,
885 557 1048 587 fortassist
1073 556 1098 586 si
1123 555 1289 596 legitimus
1316 554 1380 584 vita
1404 554 1591 591 decesserit.
1618 554 1702 584 illam
1729 565 1822 595 quam
1848 556 1937 596 prius

296 612 455 653 stupravit
479 611 647 641 moecham
672 610 817 651 legitimo
842 609 967 639 sociare
993 607 1153 647 coniugio,
1184 606 1241 637 sed
1266 606 1291 636 si
1315 605 1374 636 hoc
1399 605 1546 644 fecerint,
1578 606 1716 646 separati
1740 607 1936 647 penitentiae

297 664 494 694 subiaceant.

398 715 438 747 V.
468 714 512 744 Ut
536 713 850 744 aecclesiasticarum
875 721 982 742 rerum
1006 710 1125 741 iudicia
1149 709 1188 740 ad
1214 709 1300 739 solos
1326 709 1511 750 pertineant
1536 709 1714 750 episcopos.

398 766 457 796 VI.
483 765 553 796 Hoc
578 775 703 806 quoque
729 767 884 795 statutum
910 766 967 799 est,
994 762 1146 803 quatinus
1171 761 1351 791 aecclesiae
1370 770 1635 801 quorumcunque
1660 760 1889 791 monachorum
1908 762 1939 792 in

296 818 431 857 singulis
460 817 658 858 parroechiis
692 816 773 846 sitae
808 815 1031 856 episcoporum
1056 816 1090 843 ut
1115 813 1208 843 decet
1232 812 1387 843 divinitus
1413 811 1592 842 subdantur
1617 812 1774 852 regimini,
1808 813 1941 854 eisqueu

296 869 405 899 debita
435 869 589 910 obsequia
618 869 647 899 in
673 867 864 898 exercendis
889 866 1153 897 aecclesiasticae
1178 875 1273 895 curae
1300 864 1438 904 negotiis
1463 863 1599 893 sollicite
1625 863 1829 895 cxhibeantv.
1876 864 1942 906 Ipsi

297 921 405 962 procul
430 920 528 951 dubio
554 920 701 950 monachi
727 919 887 960 episcopis
913 918 978 948 suis
1003 918 1034 947 in
1060 916 1208 947 omnibus
1234 916 1425 947 obediantw.

399 972 474 1002 VII.
506 972 587 1002 Item
615 972 848 1011 interrogatum
874 973 933 1005 est„
959 968 1034 1010 quid
1052 968 1091 999 de
1111 979 1148 998 eo
1173 967 1357 998 faciendum
1383 968 1433 1003 sit.
1458 966 1510 1007 qui
1529 966 1736 996 christianum
1756 966 1939 997 hominem¹

298 1024 484 1054 vendiderit.
538 1023 805 1064 Responsumque
842 1025 892 1052 est
924 1021 963 1051 ab
1000 1020 1159 1053 omnibus.
1197 1018 1359 1050 homicidii
1392 1022 1515 1049 reatum
1550 1018 1654 1059 ipsum
1687 1018 1849 1049 hominem
1882 1019 1942 1050 sibi

297 1075 495 1106 contrahere.

399 1126 493 1158 VIII.
523 1126 556 1156 Si
582 1126 651 1167 quis
678 1135 752 1155 vero
784 1125 884 1155 laicus
909 1124 960 1154 vel
985 1123 1121 1154 clericus
1152 1133 1209 1153 seu
1242 1122 1407 1162 utriusque
1439 1132 1537 1152 sexus
1570 1132 1706 1163 persona
1737 1122 1942 1163 proprietatis

299 1189 376 1209 suae
400 1178 471 1208 loca
496 1178 545 1208 vel
570 1188 621 1208 res
647 1177 764 1208 alieubi
783 1176 900 1206 donare
923 1175 1134 1215 delegaverit,
1159 1173 1407 1204 decimationum
1434 1176 1624 1214 proventum
1650 1173 1744 1214 priori
1763 1174 1942 1204 aecclesiae

298 1230 441 1270 legitime
479 1229 696 1270 assignatumy
731 1227 805 1258 inde
841 1227 1028 1257 abstrahere
1070 1226 1189 1256 nullam
1227 1225 1345 1255 habeat
1378 1228 1581 1266 potestatem.
1640 1224 1733 1259 Quod
1769 1225 1794 1254 si
1831 1225 1938 1256 facere

299 1281 516 1322 temptaverit,
541 1281 614 1310 talis
639 1279 767 1310 traditio
785 1279 873 1309 irrita
891 1288 1020 1320 prorsus
1040 1277 1204 1315 ducatui-²,
1229 1280 1261 1307 et
1279 1277 1347 1317 ipse
1365 1276 1404 1307 ad
1423 1276 1681 1306 emendationem
1700 1277 1944 1307 aecclesiastica

300 1336 488 1363 coerceatur
512 1342 659 1362 censura.

402 1384 512 1415 VIIII.
540 1384 704 1414 Perlatum
731 1386 780 1412 est
805 1392 931 1423 quoque
957 1381 996 1411 ad
1022 1380 1158 1411 eandem
1177 1384 1322 1409 sacram²
1347 1378 1513 1420 synodum,
1539 1379 1692 1420 quosdam
1712 1380 1875 1410 seculares
1895 1381 1944 1410 in-

300 1436 532 1466 rationabiliter
562 1435 722 1476 aliquibus
746 1433 934 1475 presbiteris
966 1443 1039 1462 suas
1063 1431 1239 1462 aecclesias
1265 1430 1509 1461 commendasse
1535 1434 1566 1460 et
1590 1441 1646 1471 pro
1671 1431 1762 1461 libitu
1789 1442 1845 1461 suo
1871 1442 1943 1462 eum

299 1488 459 1517 voluerint
483 1488 620 1518 auferre.
669 1486 739 1522 Quo
765 1486 849 1515 circa
873 1484 1068 1515 unanimiter
1092 1484 1209 1513 firmari
1235 1482 1397 1519 convenit,
1423 1485 1457 1511 ut
1481 1482 1587 1512 nullus
1611 1482 1769 1523 presbiter
1787 1483 1939 1524 deinceps

300 1540 437 1580 aliquam
464 1539 617 1579 suscipiat
642 1537 846 1572 aecclesiam.
871 1536 930 1566 nisi
956 1537 986 1566 in
1012 1536 1177 1576 presentia
1202 1534 1347 1576 episcopi
1366 1534 1415 1563 vel
1435 1534 1503 1563 eius
1521 1533 1723 1571 vicariorum,
1749 1544 1808 1564 nec
1827 1534 1945 1564 habeat

299 1591 433 1631 quilibet
457 1591 558 1620 laicus
584 1590 681 1619 ullam
714 1592 907 1630 potestatem
938 1588 1029 1618 eamh
1055 1586 1238 1617 auferendic
1264 1586 1332 1616 sine
1357 1585 1472 1615 iudicio
1497 1585 1639 1626 episcopi
1665 1590 1719 1615 aut
1743 1586 1812 1615 eius
1838 1586 1943 1616 archi—

301 1643 562 1683 presbiterorum.
609 1642 642 1672 Si
670 1641 753 1671 enim
778 1640 880 1671 isdem
906 1639 1065 1681 presbiter
1091 1639 1214 1668 ratione
1241 1637 1381 1667 iustitiae
1407 1636 1600 1677 preventusd
1626 1637 1732 1673 fuerit,
1764 1637 1848 1678 quod
1875 1648 1945 1667 eam

300 1695 403 1724 minus
433 1693 565 1734 provide
591 1693 620 1722 in
647 1692 901 1723 aecclesiasticis
931 1694 1121 1732 procuraret
1145 1690 1270 1723 officiis,
1302 1689 1484 1719 auferature
1509 1688 1549 1718 ab
1575 1699 1624 1718 ec.
1672 1687 1726 1718 Sin
1753 1693 1872 1723 autem.
1897 1689 1944 1718 in-

300 1746 424 1775 demnis
450 1745 567 1775 laboris
593 1745 640 1774 sui
666 1747 774 1774 utatur
798 1742 974 1773 commodO.
1021 1741 1102 1772 Cum
1127 1752 1202 1771 vero
1221 1740 1392 1770 defunctus
1417 1740 1523 1774 fuerit.
1551 1740 1671 1769 nullum
1697 1739 1890 1770 dominiumf
1913 1740 1944 1770 in

302 1797 524 1827 substantiaess'
549 1796 632 1826 illius
659 1794 918 1836 possessionibus
936 1794 998 1823 sibi
1017 1792 1217 1823 aecclesiae¹¹
1242 1791 1389 1821 dominus
1411 1791 1583 1825 vendiceti.
1610 1791 1667 1821 sed
1685 1791 1768 1821 duae
1788 1795 1894 1832 partes
1914 1792 1945 1821 in

304 1849 510 1879 elemosinam
536 1858 591 1889 pro
618 1848 717 1888 ipsius
741 1847 921 1887 largiantur
945 1845 1062 1881 anima,
1088 1845 1182 1875 tertia
1208 1847 1314 1874 autem
1341 1854 1413 1884 pars
1439 1842 1617 1872 aecclesiae
1641 1843 1690 1872 cui
1717 1843 1848 1872 servivit
1872 1853 1945 1883 pro-

302 1901 408 1930 futura
425 1900 632 1940 relinquatur.
673 1899 706 1928 Si
724 1899 795 1939 quis
814 1900 942 1938 praeter
963 1897 1043 1927 haec
1061 1896 1181 1931 fecerit.
1204 1895 1454 1925 aecclesiasticis
1474 1894 1730 1935 correptionibus
1749 1893 1913 1924 subiaceat
1922 1894 1946 1925 ¹³.

406 1952 446 1982 X.
475 1951 546 1981 Hoc
571 1961 697 1991 quoque
724 1953 878 1980 statutum
904 1952 963 1981 est.
989 1952 1023 1977 ut
1048 1948 1154 1977 nullus
1180 1945 1445 1988 presbiterorum¹
1471 1946 1639 1975 missarum
1666 1945 1834 1975 sollemnia
1860 1946 1945 1975 eele-

302 2004 395 2034 brare
431 2007 626 2044 praesumat.
670 2002 728 2031 nisi
769 2001 893 2031 duobus
937 1999 1160 2041 praesentibus
1201 1999 1356 2039 sibique'u
1393 1997 1664 2039 respondentibus
1704 1998 1772 2038 ipse
1810 1998 1945 2027 tertius¹¹

304 2056 473 2085 habeatur:
499 2055 572 2094 quia
597 2064 667 2083 cum
694 2053 860 2093 pluraliter
884 2052 923 2081 ab
949 2062 986 2081 eo
1011 2051 1143 2081 dicitur:
1170 2050 1339 2080 *Donuuus
1366 2048 1550 2085 vobiscum'.
1577 2053 1608 2078 et
1634 2048 1709 2078 illud
1737 2049 1767 2078 in
1793 2049 1945 2078 secretis:

304 2106 415 2136 ‘Orate
441 2116 497 2146 pro
523 2104 594 2140 me'.
626 2104 792 2145 aptissime
818 2104 978 2138 convenit.
1012 2107 1047 2133 ut
1072 2106 1123 2132 etn
1150 2102 1336 2143 pluraliter1’
1361 2101 1461 2142 ipsius
1486 2100 1722 2141 respondeatur
1747 2100 1944 2130 salutationi.

407 2157 481 2187 Xlfl
506 2157 679 2196 Conquesti
704 2160 777 2186 sunt
801 2156 909 2196 itaque
934 2156 1016 2185 inter
1041 2158 1170 2184 caetera
1194 2163 1265 2183 cum
1292 2153 1397 2183 banno
1423 2156 1612 2186 statuentes,
1646 2162 1684 2181 ue
1711 2152 1793 2182 ullus
1818 2152 1943 2192 presbi-

305 2214 445 2239 terorum
471 2212 543 2249 post
566 2208 723 2248 gallorum
749 2211 888 2241 cantum.
914 2207 938 2236 si
964 2206 1118 2247 deinceps
1143 2205 1268 2235 biberet
1286 2208 1318 2235 et
1342 2208 1455 2245 postea
1472 2203 1633 2241 dormiret,
1660 2204 1790 2233 missam
1815 2204 1946 2233 minime

305 2264 459 2290 cantaret.

408 2311 483 2341 XII.
516 2311 558 2340 Ut
584 2311 733 2341 mundam
759 2322 875 2351 aquam
902 2311 932 2340 iu
952 2310 1080 2340 vasculo
1098 2309 1240 2339 habeant
1258 2309 1372 2338 missas
1391 2311 1524 2348 agentes
1543 2311 1575 2337 et
1594 2308 1699 2336 vinum
1718 2306 1945 2347 permisceant.

408 2363 501 2394 XIII.
534 2362 576 2392 Ut
607 2363 732 2393 oblatas
763 2363 901 2392 offerant
925 2366 1013 2392 certo
1050 2372 1192 2392 numero.
1225 2361 1254 2390 id
1280 2365 1328 2390 cst
1353 2360 1435 2390 infra
1459 2359 1636 2391 denarium.
1662 2362 1715 2388 aut
1741 2357 1807 2387 IIII
1835 2361 1890 2387 aut
1907 2356 1946 2391 V.

307 2420 370 2445 tres
396 2415 447 2444 vel
472 2425 578 2444 unam.

409 2515 473 2541 434.
498 2521 518 2543 Τ)
538 2517 604 2540 deest
623 2516 646 2540 2.
752 2517 772 2542 ⁸)
793 2524 852 2539 vcro
880 2515 940 2539 mm.
954 2515 978 2539 ⁴2.
1085 2516 1103 2545 ¹)
1123 2515 1188 2539 dm!
1207 2515 1230 2538 ἒξ.
1337 2514 1360 2540 ’1)
1380 2514 1466 2544 eisque
1487 2527 1517 2529 —
1537 2512 1656 2536 obediant
1676 2512 1726 2535 des.
1742 2510 1764 2535 li.
1853 2511 1877 2534 v)
1897 2511 1948 2535 exi-

308 2561 381 2583 beant
401 2568 466 2582 corr.
482 2559 502 2583 1.
592 2563 620 2585 W)
643 2568 717 2581 mann
736 2558 874 2590 posteriore
894 2567 959 2581 corr.
979 2559 1004 2581 in
1024 2558 1157 2582 oboediant
1180 2558 1200 2581 l.
1272 2558 1296 2579 xi
1316 2557 1445 2580 seduxerit
1464 2560 1489 2580 et
1507 2556 1542 2579 sic
1562 2555 1622 2579 «dil.
1636 2554 1659 2579 4.
1730 2556 1754 2584 y)
1775 2555 1904 2585 sig-uatum
1923 2552 1947 2577 4.

308 2607 328 2630 Ξῖ)
350 2603 474 2626 habentur
493 2603 516 2625 ΣΞ.
639 2606 661 2625 ¹¹1
682 2602 748 2625 {Irus-l
767 2601 790 2625 3.
895 2600 919 2632 b)
940 2601 1005 2624 dees!
1024 2600 1046 2625 3.
1152 2605 1174 2626 c)
1194 2601 1338 2624 conserendi
1359 2600 1401 2623 ὃς.
1507 2597 1531 2629 (1)
1552 2598 1586 2621 ,εἶν
1605 2598 1627 2621 2,
1649 2597 1672 2621 3.
1692 2597 1740 2625 sim
1771 2602 1906 2628 perventus
1927 2596 1949 2620 l.

307 2650 328 2674 υ)
348 2647 476 2679 auferetur
495 2653 561 2668 corr,
578 2645 600 2670 l:
621 2646 751 2668 auferetur
769 2644 791 2667 2,
812 2644 833 2667 3.
925 2642 946 2669 fl
965 2644 1094 2667 domiuum
1115 2643 1155 2667 bc⁴
1246 2646 1269 2667 Η)
1291 2643 1355 2666 dom.
1375 2643 1454 2665 suhst.
1475 2642 1500 2664 iu
1520 2640 1542 2664 3.
1632 2640 1656 2671 h)
1676 2640 1743 2663 deest
1761 2640 1784 2663 2.
1857 2638 1873 2664 i,
1894 2639 1948 2662 viu-

308 2688 371 2710 divet
392 2695 458 2710 corr.
474 2687 500 2713 I:
530 2688 640 2710 vindicor.
658 2688 680 2711 2,
702 2688 724 2711 3.
830 2685 854 2713 k)
875 2687 1016 2710 subiacebit
1036 2685 1058 2709 ⁸2.
1079 2686 1102 2710 3,
1208 2684 1227 2715 l)
1254 2686 1306 2709 locu
1331 2685 1526 2717 presbiterorum
1548 2698 1578 2700 ἡ
1600 2687 1742 2715 praesumat
1762 2682 1788 2706 ’.Ξῖ
1818 2683 1949 2714 presbyter

309 2731 408 2753 missam
427 2730 544 2753 celebret.
650 2734 680 2752 ¹¹¹1
703 2730 749 2753 sibi
769 2730 791 2753 2.
898 2732 921 2756 n)
942 2729 1063 2760 presbiter
1082 2729 1142 2752 add.
1157 2728 1179 2752 ⁴2.
1285 2733 1309 2751 ⁰)
1330 2729 1397 2752 deest
1415 2727 1438 2751 2.
1531 2732 1554 2749 P>
1573 2727 1640 2750 dees!
1657 2726 1680 2750 4.
1770 2727 1794 2756 ⁸1)
1814 2734 1833 2749 c.
1856 2728 1948 2749 11—14

309 2782 320 2795 e
340 2773 391 2795 solu
411 2773 493 2796 codice
513 2772 536 2796 2·

1967 719 1991 736 10

1969 981 1991 998 15

1968 1240 1993 1259 20

1969 1497 1992 1515 ‘25

1972 1754 1998 1771 30

1973 2008 1997 2026 35

1975 2266 2001 2283 41)

1975 2560 1999 2578 45

1979 2774 2003 2792 50
