2205 3072
585 181 744 206 CONRADI
764 181 809 205 Ill.
830 179 1152 205 t‘sstsslNSTlTU'l'lONES.
1192 180 1264 205 1150.
1302 180 1348 205 ΝΥ.
1366 180 1419 205 128.
1767 181 1825 210 183

182 268 299 299 ditates
325 273 356 297 et
381 268 520 299 iniurias.
547 278 625 308 quas
650 279 668 297 a,
693 267 845 308 dapiferis
872 270 903 296 ct
930 267 1091 307 pincernis
1117 267 1182 296 suis
1208 266 1337 306 quidam
1365 265 1613 306 predecessores
1639 267 1708 297 eins
1729 267 1823 296 susti-

182 325 319 350 nuerunt
344 324 374 349 et
401 320 468 360 ipse
494 331 511 349 a
536 319 586 349 die
613 319 798 360 prelationis
825 329 878 355 sue
897 319 927 347 in
945 318 1058 348 eodem
1078 318 1272 348 monasterio
1292 328 1406 358 passus
1424 318 1492 347 fuit.
1583 321 1632 357 tl)
1659 317 1824 358 Siquidem

183 371 316 412 dapiferi
342 375 371 400 et
398 372 547 412 pincerne
572 376 603 401 et
628 370 739 411 reliqui
765 370 816 411 qui
846 370 1013 400 ministerii
1039 370 1142 399 loeum
1168 370 1198 399 in
1221 369 1315 399 donm
1334 369 1542 399 (un-baensis
1560 369 1686 399 abbatis
1705 374 1825 399 tenent.

183 433 276 464 quam
303 423 492 463 dignitatem
519 423 642 463 vulgari
669 422 796 452 nomine
823 422 928 452 officia
953 421 1127 463 appellant«,
1153 421 1306 462 quasdam
1333 421 1504 451 abusiones
1524 422 1553 451 in
1573 420 1692 451 eisdem
1712 421 1825 450 et'ticiis

146 482 156 498 -'›
185 475 245 505 sibi
271 479 518 516 usurpzwerunt.
545 478 578 504 ut
604 473 752 504 videlieet
776 474 882 503 omnia
908 473 1059 503 victualia
1083 477 1114 503 et
1132 473 1314 503 universam
1333 473 1546 503 substantiam
1573 473 1684 503 domus
1703 472 1823 502 domini

135 743 156 760 1¹)

132 1259 156 1276 2¹0

183 526 230 556 sui
257 526 315 556 sub
341 526 485 556 custodia
512 537 567 556 sua
594 529 735 556 teneant.
761 531 793 556 et
818 526 866 555 cui
893 525 1051 566 placuerit
1076 525 1132 557 cis,
1158 524 1339 554 inconsulto
1366 524 1494 554 domino
1520 535 1577 554 suo
1603 524 1717 554 eadem
1745 524 1826 553 bona

183 577 342 608 servanda
374 582 405 607 et
438 578 553 618 passim
586 577 808 607 distribuenda
833 577 1010 608 conferant,
1044 580 1231 617 tantamque
1257 579 1451 617 potestatem
1478 577 1507 606 in
1535 576 1602 606 istis
1628 576 1740 606 officiis
1766 575 1824 604 sibi

181 640 327 660 asserere
353 634 519 667 conantur,
546 634 578 660 ut
603 629 740 659 dominis
767 630 832 659 suis
859 630 964 670 palam
989 632 1020 659 ct
1044 629 1134 669 quasi
1158 627 1197 658 de
1215 628 1283 658 iure
1304 638 1360 658 suo
1383 628 1584 669 proliibeanh
1609 639 1648 658 ne
1668 628 1775 657 claves
1794 630 1825 657 et

183 681 359 712 custodiam
387 692 490 711 rerum
516 692 643 711 suarum
668 681 762 711 alicui
780 681 989 711 committant.
1030 681 1143 711 solunt
1167 680 1285 710 etenim
1303 679 1341 710 de
1361 680 1457 710 rebus
1476 680 1677 710 ‹thunium-um
1697 689 1825 708 suorum

184 734 329 774 proprias
367 733 502 763 familias
542 733 628 763 alere
659 744 695 763 ac
728 733 844 762 milites
878 743 952 762 suos
988 743 1121 773 paseere
1153 733 1183 761 in
1216 736 1349 763 tantum.
1383 735 1417 761 ut
1448 731 1476 761 in
1510 731 1646 772 propriis
1678 730 1825 760 domibus

182 786 371 826 plerumque
389 790 443 815 aut
460 788 547 815 tanta
567 793 620 814 aut
638 789 669 815 et
687 785 775 825 plura
795 795 888 824 quam
907 784 1024 814 domini
1043 784 1089 813 sui
1115 783 1153 813 de
1177 783 1384 813 t'acultatilms
1402 794 1524 813 eorum.
1549 793 1628 823 quas
1647 782 1827 812 ‹ilebuerant

182 848 326 870 servare,
363 837 547 877 expendant
580 840 611 867 et
642 837 671 866 in
702 836 896 877 dissipandis
933 836 1023 866 bonis
1056 846 1165 865 eorum
1203 834 1329 865 modum
1363 835 1492 864 omnino
1528 835 1649 864 nullum
1684 838 1826 864 teneant.

181 889 227 928 (2)
253 888 446 918 Huiusmodi
477 900 553 929 ergo
583 888 763 929 superfluas
795 892 825 917 et
850 887 1045 928 dampnosas
1073 897 1177 917 rerum
1203 897 1331 917 suarum
1357 886 1581 927 dissipationes
1612 897 1683 916 cum
1710 897 1824 927 prene-

184 941 323 970 minatus
348 940 451 971 fidelis
477 945 508 971 et
533 940 670 970 dilectus
695 944 806 970 noster
824 939 994 969 Wilmldvs
1015 939 1219 969 (Jorbciensis
1238 939 1338 969 abbas
1358 938 1396 968 de
1416 937 1529 969 eadem
1548 937 1641 967 domo
1661 937 1826 968 eliminare

151 1007 154 1016 ›
182 1003 218 1022 ae
247 992 375 1022 domum
407 1003 496 1022 suam
528 992 703 1022 seeundum
734 992 885 1022 honorem
912 991 971 1021 Dei
1004 995 1035 1021 ct
1066 991 1225 1032 propriam
1250 991 1424 1021 utilitatem
1450 990 1598 1021 ordinare
1625 994 1826 1030 temptasset,

182 1044 310 1085 quidam
336 1044 374 1074 de
399 1044 661 1075 ministerialibus
687 1044 755 1074 eius
781 1043 930 1074 Rabano,
962 1044 1014 1084 qui
1041 1046 1115 1073 tune
1141 1043 1281 1073 officinm
1307 1042 1442 1083 dapiferi
1467 1041 1724 1072 administrabat.
1756 1052 1826 1071 eum

182 1096 278 1126 fratre
312 1106 367 1126 suo
396 1096 545 1126 Liudelt'o
580 1100 611 1126 et
642 1096 752 1137 paucis
785 1095 1036 1135 consanguineis
1068 1095 1133 1125 suis
1164 1095 1299 1124 multum
1331 1093 1521 1124 ordinationi
1552 1094 1620 1124 eius
1646 1094 1827 1133 refragatus

181 1151 230 1177 est
248 1151 343 1188 atque
361 1158 432 1178 cum
452 1148 550 1178 multa
569 1148 818 1178 comminatione
837 1147 1015 1177 asserebat.
1041 1146 1124 1187 quod
1145 1149 1339 1187 potestatem
1358 1146 1455 1176 officii
1474 1146 1531 1179 sniw
1556 1156 1652 1186 quam
1672 1145 1827 1175 liat-tenus

184 1200 213 1229 in
238 1199 332 1230 domo
358 1200 410 1230 illa
436 1204 637 1231 exercuerat.
662 1210 823 1240 nunquam
850 1199 925 1229 dum
950 1199 1074 1229 viveret
1099 1199 1269 1228 relicturus
1295 1202 1391 1228 esset.
1416 1198 1460 1228 ita
1485 1201 1519 1228 ut
1542 1197 1601 1227 sub
1621 1197 1753 1238 imperio
1771 1208 1828 1228 suo

184 1255 291 1281 essent
315 1252 463 1282 universa
491 1252 641 1282 victualia,
666 1251 786 1281 domini
811 1252 869 1285 sui,
896 1262 932 1281 ac
959 1254 1153 1291 potestatem
1180 1250 1219 1280 de
1245 1251 1291 1279 eis
1318 1249 1436 1280 liabeat
1461 1248 1624 1279 tribuendi
1650 1249 1699 1278 cui
1720 1249 1826 1281 vellet,

182 1314 240 1334 nee
271 1303 336 1333 dati
361 1308 415 1334 aut
440 1305 565 1345 accepti
590 1304 729 1345 aliquam
754 1303 912 1333 rationem
938 1302 1066 1333 domino
1093 1313 1148 1333 suo
1173 1301 1324 1332 redderet
1349 1312 1406 1332 nec
1432 1302 1539 1331 claves
1565 1311 1671 1331 rerum
1698 1311 1826 1331 suarum

181 1355 276 1385 alicui
308 1366 438 1387 servare
468 1357 589 1387 liceret.
621 1356 679 1386 nisi
711 1366 804 1396 quem
834 1355 902 1396 ipse
929 1355 1117 1385 ordinasset.
1208 1353 1257 1395 (23)
1282 1353 1349 1390 llige
1376 1354 1483 1394 itaque
1508 1352 1719 1383 contradictio
1746 1353 1828 1382 inter

184 1407 409 1438 ministeriales
440 1408 648 1438 Corbeiensis
680 1408 812 1445 ecclesie
844 1418 861 1437 a
894 1407 1018 1448 prefato
1049 1407 1168 1437 abbate
1206 1406 1332 1436 domino
1364 1416 1420 1435 suo
1453 1405 1608 1435 ventilata
1640 1408 1689 1435 est
1715 1408 1747 1434 et
1773 1415 1827 1445 per

182 1458 332 1489 iudicium
358 1470 467 1489 eorum
493 1465 557 1490 tam
583 1459 686 1490 eidem
712 1459 881 1490 Rabanoni
908 1469 1002 1499 quam
1028 1458 1187 1489 omnibus.
1214 1458 1265 1499 qui
1293 1457 1475 1487 huiusnunli
1498 1457 1748 1487 ‹1‹›n1inati011‹·111
1768 1457 1827 1486 sibi

134 1517 156 1533 ³⁵
184 1510 223 1541 de
250 1510 341 1540 bonis
367 1511 487 1541 domini
513 1512 559 1542 sui
579 1515 782 1552 usurparent,
809 1512 911 1541 omnis
930 1515 1073 1552 potestas
1096 1510 1134 1540 de
1153 1509 1389 1540 committemlis
1407 1509 1551 1540 clavibus
1577 1513 1607 1538 et
1625 1508 1663 1538 de
1683 1508 1830 1538 custodia

133 1778 156 1795 tto

132 2034 155 2051 :15

139 2297 159 2314 te

183 1573 287 1593 rerum
317 1562 438 1593 domini
465 1565 513 1593 sui
538 1563 719 1593 abiudicata
746 1568 809 1594 est:
842 1563 989 1603 hancque
1016 1566 1207 1603 potestatem
1232 1562 1341 1592 abbati
1368 1561 1561 1591 Cor-beiensi
1581 1586 1585 1591 .
1605 1585 1610 1590 .
1631 1585 1636 1590 .
1657 1566 1676 1590 :²
1703 1560 1742 1590 ab
1769 1559 1829 1589 00¹¹

181 1615 371 1645 sententiam
403 1615 510 1645 iudicii
542 1615 737 1645 unanimiter
768 1614 1050 1645 abiudieaverunt:
1083 1617 1117 1644 ut
1149 1614 1256 1644 claves
1288 1618 1319 1644 et
1353 1612 1531 1643 custodiam
1564 1623 1669 1642 rerum
1700 1621 1828 1641 suarum

182 1667 295 1697 lieeret
320 1667 347 1697 ei
374 1668 574 1698 eommittere
599 1667 720 1708 absque
744 1667 876 1696 consilio
902 1666 1037 1708 dapiferi
1065 1670 1095 1696 et
1120 1666 1271 1707 pincerne
1297 1665 1487 1705 cuicumque
1513 1664 1679 1694 voluisset.
1726 1663 1827 1704 Dapi-

183 1719 249 1749 fero
280 1723 386 1749 autem
420 1724 452 1750 et
482 1720 631 1760 pineerm¹
662 1719 725 1749 tale
758 1718 908 1748 iudicium
939 1718 1183 1748 aulinvenerunt.
1219 1722 1252 1747 ut
1282 1717 1312 1747 in
1345 1716 1537 1747 victualibus
1562 1715 1680 1745 domini
1706 1715 1827 1745 nullam

185 1774 379 1811 potestatem
398 1771 491 1801 (laudi
509 1772 631 1812 absque
647 1771 810 1800 voluntate
830 1771 930 1811 ipsius
948 1781 1080 1811 prorsus
1098 1770 1249 1802 habeant,
1269 1769 1324 1799 sed
1343 1779 1415 1798 cum
1433 1768 1561 1798 domino
1580 1778 1637 1798 suo
1652 1766 1828 1798 seeundum

183 1822 325 1853 debitum
351 1823 447 1853 ostieii
473 1824 519 1853 sui
545 1823 583 1853 ad
609 1833 751 1853 mensam
777 1822 958 1853 servierint.
984 1822 1065 1852 hane
1091 1821 1281 1862 dignitatem
1305 1820 1346 1850 de
1370 1820 1476 1850 offieio
1500 1830 1557 1849 suo
1576 1823 1829 1860 consequantur,

182 1878 217 1904 ut
240 1875 361 1905 refecto
385 1875 514 1905 domino
539 1875 577 1905 ad
604 1886 744 1905 mensam
770 1875 838 1905 eius
864 1885 934 1904 eum
961 1874 1077 1904 ceteris
1097 1873 1248 1903 ministris
1266 1872 1304 1903 de
1323 1873 1414 1903 bonis
1436 1872 1554 1902 domini
1575 1871 1623 1901 sui
1645 1871 1828 1901 reficiantur

183 1930 215 1956 et
239 1930 346 1967 preter
370 1927 451 1957 hanc
476 1927 595 1957 nullam
621 1927 716 1956 aliam
748 1930 944 1967 potestatem
970 1925 1008 1955 de
1035 1925 1129 1956 rebus
1156 1925 1257 1966 ipsius
1284 1928 1468 1954 exerceant.
1560 1926 1606 1957 Η)
1632 1923 1716 1953 Huic
1742 1933 1827 1952 com-

184 1979 305 2018 parium
333 1989 459 2009 suorum
486 1979 602 2009 iudicio
627 1990 697 2009 eum
724 1978 806 2009 idem
832 1977 967 2008 Rabano
992 1978 1198 2018 acquiescere
1225 1977 1391 2008 noluisset,
1418 1975 1580 2017 predictus
1600 1975 1703 2005 tidelis
1722 1978 1829 2004 noster

185 2029 391 2061 Cel-beiensis
423 2031 522 2061 abbas
555 2030 639 2072 apud
670 2030 872 2060 elementiam
905 2034 1043 2060 nostram
1076 2029 1268 2070 impetravit.
1301 2027 1385 2068 quod
1418 2028 1448 2057 in
1474 2028 1569 2068 plena
1595 2027 1683 2056 curia
1708 2030 1828 2061 nostra,

183 2092 277 2122 quam
304 2082 395 2123 Spire
419 2083 665 2113 celebravimus.
691 2082 841 2112 iudicium
868 2092 966 2122 super
988 2081 1101 2112 eodem
1120 2081 1218 2111 verbo
1243 2092 1260 2110 a
1283 2079 1546 2110 ministerialibus
1566 2079 1656 2119 regni
1675 2078 1828 2108 sciscitati

185 2144 302 2164 sumus.
350 2135 410 2169 Qui
436 2135 532 2165 etiam
558 2135 588 2164 in
614 2138 789 2175 conspectu
815 2137 924 2163 nostro
950 2136 981 2163 ct
1004 2133 1185 2174 principum
1210 2132 1300 2172 regni
1327 2131 1411 2161 idem
1436 2131 1587 2161 iudicium
1606 2130 1688 2171 quod
1707 2129 1827 2160 Cerbe-

185 2186 292 2216 ienses
322 2186 511 2217 invenerant
540 2187 607 2227 pari
641 2196 802 2216 consensu
836 2188 1054 2215 asseruerunt.
1144 2184 1191 2224 (5)
1216 2184 1323 2214 Aliam
1355 2186 1504 2224 preterea
1533 2182 1715 2212 molestiam
1745 2181 1828 2211 idem

186 2236 319 2268 Rabano
344 2238 495 2268 fratribus
519 2239 573 2279 qui
597 2238 668 2268 Deo
694 2237 839 2268 serviunt
862 2237 893 2266 in
913 2236 1101 2267 Coi-hoiensi
1126 2236 1319 2267 monasterio
1346 2236 1488 2275 irrogare
1515 2234 1719 2275 presulnpsin
1745 2232 1829 2273 quod

187 2288 338 2320 videlicet
356 2289 437 2320 infra
455 2301 561 2320 muros
579 2293 611 2320 et
629 2290 710 2319 intra
727 2289 880 2319 ambitum
898 2289 1047 2319 cimiterii
1066 2288 1210 2319 eiusdem
1229 2287 1364 2324 ecclesie
1382 2286 1610 2317 hereditariam
1628 2285 1827 2315 mansionem

186 2340 246 2370 sibi
271 2341 460 2371 vendicavit.
509 2341 613 2383 Super
637 2351 699 2382 qua
723 2341 890 2370 mansione
916 2351 987 2370 eum
1013 2341 1089 2371 satis
1114 2341 1227 2370 fuisset
1252 2339 1464 2369 commonitus
1489 2342 1555 2368 tum
1579 2349 1597 2368 a.
1615 2337 1743 2367 domino
1771 2346 1826 2366 suo

186 2394 251 2422 tum
281 2403 299 2423 a
329 2393 483 2423 fratribus
513 2393 678 2423 monachis
712 2396 777 2422 turn
807 2402 825 2422 a
854 2391 1060 2432 comparibus
1092 2392 1171 2422 suis.
1205 2391 1354 2432 quatinus
1381 2390 1419 2421 ab
1446 2401 1483 2420 ea
1508 2389 1696 2419 desisteret.
1730 2388 1830 2417 noluit

187 2454 295 2474 eorum
321 2444 515 2475 salutaribus
540 2445 668 2474 monitis
694 2444 929 2484 obtemperare.
979 2443 1070 2473 Unde
1095 2443 1324 2474 ministeriales
1343 2442 1550 2473 Corbeiensis
1570 2440 1705 2477 ecclesie
1723 2440 1830 2469 indicii

188 2497 379 2527 sententiam
404 2497 601 2537 interrogati.
630 2495 897 2527 abiudicaverunt
921 2499 985 2525 tam
1011 2495 1040 2526 ei
1065 2506 1159 2536 quam
1186 2494 1333 2525 omnibus
1359 2493 1556 2524 seeularibus
1582 2491 1772 2522 beneficium
1798 2491 1828 2520 in

152 2559 159 2569 ³
187 2548 265 2578 atrio
291 2549 433 2586 ecclesie.
458 2552 490 2578 et
514 2548 596 2589 quod
621 2548 736 2588 aliquis
762 2547 915 2577 abbatum
928 2547 939 2563 ¹¹
965 2547 1028 2577 tale
1054 2547 1245 2577 beneficium
1271 2546 1412 2587 potuerit
1430 2548 1585 2586 prestare.
1675 2545 1721 2583 (e)
1748 2544 1828 2572 Cum

187 2609 260 2629 vero
289 2599 393 2630 adhuc
425 2600 651 2631 reluctaretur.
683 2610 740 2629 nos
772 2599 848 2629 item
879 2599 982 2639 rogati
1013 2610 1031 2628 a
1062 2598 1148 2628 fideli
1179 2602 1287 2628 nostro
1317 2597 1459 2638 predicto
1485 2595 1675 2626 Uorbeiensi
1700 2594 1828 2624 abbate.

189 2661 259 2681 cum
293 2651 580 2691 interrogassemus
613 2650 841 2681 ministeriales
872 2654 997 2680 nostros
1029 2661 1125 2691 super
1151 2650 1262 2680 eodem
1288 2649 1420 2685 iudicio,
1455 2647 1720 2678 abiudicawerunt
1745 2646 1773 2675 ei
1798 2646 1828 2675 in

188 2706 363 2744 conspeetu
387 2706 497 2733 nostre
522 2707 554 2734 et
578 2703 756 2744 principum
782 2702 864 2732 infra
888 2702 1002 2733 atrium
1029 2702 1160 2739 ecclesie
1186 2712 1313 2731 omnem
1334 2699 1557 2731 hereditariam
1581 2698 1778 2728 mansionem
1799 2702 1829 2727 et

292 2804 352 2832 128.
379 2809 402 2837 a)
423 2807 531 2830 lucanus
551 2807 660 2838 predicto
681 2814 723 2838 per
742 2806 846 2829 alivi-an·
868 2806 988 2837 suppleri!
1008 2806 1069 2830 stlt:
1090 2805 1219 2835 (eymalam
1241 2804 1338 2828 riclam]-
1358 2813 1400 2835 per
1420 2804 1552 2835 quesitam.
1627 2801 1649 2829 h)
1669 2811 1734 2825 cerr.
1749 2802 1774 2825 [ιι.
1793 2810 1829 2825 ω’.
