<?xml version="1.0" encoding="UTF-8"?>
<!DOCTYPE html PUBLIC "-//W3C//DTD XHTML 1.0 Transitional//EN"
    "http://www.w3.org/TR/xhtml1/DTD/xhtml1-transitional.dtd">
<html xmlns="http://www.w3.org/1999/xhtml" xml:lang="en" lang="en">
 <head>
  <title>
</title>
<meta http-equiv="Content-Type" content="text/html;charset=utf-8" />
  <meta name='ocr-system' content='tesseract 3.04.00' />
  <meta name='ocr-capabilities' content='ocr_page ocr_carea ocr_par ocr_line ocrx_word'/>
</head>
<body>
  <div class='ocr_page' id='page_1' title='image "./monumentagelegum01geseuoft_0280.png"; bbox 0 0 2205 3072; ppageno 0'>
   <div class='ocr_carea' id='block_1_1' title="bbox 280 1247 375 1272">
    <p class='ocr_par' dir='ltr' id='par_1_1' title="bbox 280 1247 375 1272">
     <span class='ocr_line' id='line_1_1' title="bbox 280 1247 375 1272; baseline 0.021 -7"><span class='ocrx_word' id='word_1_1' title='bbox 280 1247 339 1272; x_wconf 69' lang='lat' dir='ltr'><em>Sept.</em></span> <span class='ocrx_word' id='word_1_2' title='bbox 359 1251 375 1268; x_wconf 91' lang='lat'><em>1.</em></span> 
     </span>
    </p>
   </div>
   <div class='ocr_carea' id='block_1_2' title="bbox 397 154 1628 184">
    <p class='ocr_par' dir='ltr' id='par_1_2' title="bbox 397 154 1628 184">
     <span class='ocr_line' id='line_1_2' title="bbox 397 154 1628 184; baseline -0.002 0"><span class='ocrx_word' id='word_1_3' title='bbox 397 154 457 184; x_wconf 79' lang='grc'><em>252</em></span> <span class='ocrx_word' id='word_1_4' title='bbox 800 154 983 182; x_wconf 80' lang='lat' dir='ltr'>FRIDERICI</span> <span class='ocrx_word' id='word_1_5' title='bbox 1001 155 1021 182; x_wconf 95' lang='lat' dir='ltr'><em>I.</em></span> <span class='ocrx_word' id='word_1_6' title='bbox 1041 154 1362 182; x_wconf 84' lang='lat' dir='ltr'>CONSTITUTIONES.</span> <span class='ocrx_word' id='word_1_7' title='bbox 1399 155 1473 181; x_wconf 87' lang='lat'>1159.</span> <span class='ocrx_word' id='word_1_8' title='bbox 1509 155 1557 181; x_wconf 70' lang='lat' dir='ltr'><em>Nr,</em></span> <span class='ocrx_word' id='word_1_9' title='bbox 1571 156 1628 182; x_wconf 84' lang='lat'>181.</span> 
     </span>
    </p>
   </div>
   <div class='ocr_carea' id='block_1_3' title="bbox 394 240 2037 434">
    <p class='ocr_par' dir='ltr' id='par_1_3' title="bbox 394 240 2037 434">
     <span class='ocr_line' id='line_1_3' title="bbox 394 240 2037 281; baseline 0.002 -11"><span class='ocrx_word' id='word_1_10' title='bbox 394 241 425 271; x_wconf 77' lang='lat'><em>2.</em></span> <span class='ocrx_word' id='word_1_11' title='bbox 439 240 530 271; x_wconf 78' lang='lat' dir='ltr'><em>Febr.</em></span> <span class='ocrx_word' id='word_1_12' title='bbox 550 240 738 278; x_wconf 72' lang='lat' dir='ltr'><em>proroqavit,</em></span> <span class='ocrx_word' id='word_1_13' title='bbox 762 251 840 279; x_wconf 79' lang='lat' dir='ltr'><em>quae</em></span> <span class='ocrx_word' id='word_1_14' title='bbox 860 241 981 280; x_wconf 79' lang='lat' dir='ltr'><em>quidem</em></span> <span class='ocrx_word' id='word_1_15' title='bbox 997 242 1045 273; x_wconf 79' lang='lat' dir='ltr'><em>die</em></span> <span class='ocrx_word' id='word_1_16' title='bbox 1063 242 1091 274; x_wconf 88' lang='grc'><em>5.</em></span> <span class='ocrx_word' id='word_1_17' title='bbox 1108 241 1199 272; x_wconf 85' lang='lat' dir='ltr'><em>Febr.</em></span> <span class='ocrx_word' id='word_1_18' title='bbox 1224 241 1347 272; x_wconf 79' lang='lat' dir='ltr'><em>taudem</em></span> <span class='ocrx_word' id='word_1_19' title='bbox 1363 241 1524 272; x_wconf 72' lang='lat' dir='ltr'><em>exordium</em></span> <span class='ocrx_word' id='word_1_20' title='bbox 1540 243 1703 281; x_wconf 76' lang='lat' dir='ltr'><em>sumpsit¹.</em></span> <span class='ocrx_word' id='word_1_21' title='bbox 1752 243 1828 275; x_wconf 79' lang='lat' dir='ltr'><em>Cum</em></span> <span class='ocrx_word' id='word_1_22' title='bbox 1846 243 2037 275; x_wconf 76' lang='lat' dir='ltr'><em>Rahcwiuus</em></span> 
     </span>
     <span class='ocr_line' id='line_1_4' title="bbox 395 291 2037 335; baseline 0.003 -14"><span class='ocrx_word' id='word_1_23' title='bbox 395 291 414 322; x_wconf 87' lang='lat' dir='ltr'><em>I.</em></span> <span class='ocrx_word' id='word_1_24' title='bbox 434 291 456 321; x_wconf 90' lang='lat' dir='ltr'><strong><em>I</em></strong></span> <span class='ocrx_word' id='word_1_25' title='bbox 461 291 494 328; x_wconf 85' lang='lat' dir='ltr'><em>V,</em></span> <span class='ocrx_word' id='word_1_26' title='bbox 518 301 541 322; x_wconf 83' lang='lat' dir='ltr'><em>c.</em></span> <span class='ocrx_word' id='word_1_27' title='bbox 559 292 600 321; x_wconf 78' lang='lat'><em>52</em></span> <span class='ocrx_word' id='word_1_28' title='bbox 615 292 686 330; x_wconf 70' lang='lat'><em>(43)</em></span> <span class='ocrx_word' id='word_1_29' title='bbox 702 301 745 331; x_wconf 83' lang='lat' dir='ltr'><em>sq.</em></span> <span class='ocrx_word' id='word_1_30' title='bbox 770 292 939 323; x_wconf 76' lang='lat' dir='ltr'><em>uberiorem</em></span> <span class='ocrx_word' id='word_1_31' title='bbox 970 293 1062 324; x_wconf 76' lang='lat' dir='ltr'><em>istius</em></span> <span class='ocrx_word' id='word_1_32' title='bbox 1086 293 1230 332; x_wconf 78' lang='lat' dir='ltr'><em>temporis</em></span> <span class='ocrx_word' id='word_1_33' title='bbox 1252 293 1414 324; x_wconf 77' lang='lat' dir='ltr'><em>materiam</em></span> <span class='ocrx_word' id='word_1_34' title='bbox 1439 294 1635 332; x_wconf 72' lang='lat' dir='ltr'><em>praebuerit,</em></span> <span class='ocrx_word' id='word_1_35' title='bbox 1664 305 1720 326; x_wconf 78' lang='lat' dir='ltr'><em>uos</em></span> <span class='ocrx_word' id='word_1_36' title='bbox 1749 295 1871 335; x_wconf 78' lang='lat' dir='ltr'><em>quidem</em></span> <span class='ocrx_word' id='word_1_37' title='bbox 1893 306 1908 326; x_wconf 90' lang='lat' dir='ltr'><em>e</em></span> <span class='ocrx_word' id='word_1_38' title='bbox 1933 296 2037 327; x_wconf 70' lang='lat' dir='ltr'><em>Gestis</em></span> 
     </span>
     <span class='ocr_line' id='line_1_5' title="bbox 395 343 2037 385; baseline 0.003 -13"><span class='ocrx_word' id='word_1_39' title='bbox 395 343 552 373; x_wconf 72' lang='lat' dir='ltr'><em>Frideriez&#39;</em></span> <span class='ocrx_word' id='word_1_40' title='bbox 575 353 610 373; x_wconf 79' lang='lat' dir='ltr'><em>ea</em></span> <span class='ocrx_word' id='word_1_41' title='bbox 634 345 754 373; x_wconf 75' lang='lat' dir='ltr'><em>tantum</em></span> <span class='ocrx_word' id='word_1_42' title='bbox 777 346 973 375; x_wconf 73' lang='lat' dir='ltr'><em>monumenta</em></span> <span class='ocrx_word' id='word_1_43' title='bbox 989 345 1186 384; x_wconf 70' lang='lat' dir='ltr'><em>proposituri</em></span> <span class='ocrx_word' id='word_1_44' title='bbox 1208 354 1328 382; x_wconf 79' lang='lat' dir='ltr'><em>sumus,</em></span> <span class='ocrx_word' id='word_1_45' title='bbox 1352 355 1430 384; x_wconf 80' lang='lat' dir='ltr'><em>quae</em></span> <span class='ocrx_word' id='word_1_46' title='bbox 1453 345 1517 376; x_wconf 79' lang='lat' dir='ltr'><em>iam</em></span> <span class='ocrx_word' id='word_1_47' title='bbox 1539 345 1633 377; x_wconf 58' lang='lat' dir='ltr'><em>Perta</em></span> <span class='ocrx_word' id='word_1_48' title='bbox 1654 347 1769 385; x_wconf 77' lang='lat' dir='ltr'><em>recepit</em></span> <span class='ocrx_word' id='word_1_49' title='bbox 1778 347 1798 384; x_wconf 82' lang='lat'><em>2,</em></span> <span class='ocrx_word' id='word_1_50' title='bbox 1823 346 1940 377; x_wconf 73' lang='lat' dir='ltr'><em>addicis</em></span> <span class='ocrx_word' id='word_1_51' title='bbox 1961 347 2037 377; x_wconf 68' lang='lat' dir='ltr'><em>aliis</em></span> 
     </span>
     <span class='ocr_line' id='line_1_6' title="bbox 394 393 1054 434; baseline 0.008 -11"><span class='ocrx_word' id='word_1_52' title='bbox 394 393 587 432; x_wconf 55' lang='lat' dir='ltr'><em>quibusdam,</em></span> <span class='ocrx_word' id='word_1_53' title='bbox 611 405 689 433; x_wconf 77' lang='lat' dir='ltr'><em>quae</em></span> <span class='ocrx_word' id='word_1_54' title='bbox 712 395 839 426; x_wconf 76' lang='lat' dir='ltr'><em>aliunde</em></span> <span class='ocrx_word' id='word_1_55' title='bbox 857 396 1025 434; x_wconf 70' lang='lat' dir='ltr'><em>petivimus</em></span> <span class='ocrx_word' id='word_1_56' title='bbox 1034 397 1054 428; x_wconf 82' lang='lat'><em>³.</em></span> 
     </span>
    </p>
   </div>
   <div class='ocr_carea' id='block_1_4' title="bbox 392 496 2036 763">
    <p class='ocr_par' dir='ltr' id='par_1_4' title="bbox 392 496 2036 763">
     <span class='ocr_line' id='line_1_7' title="bbox 438 496 2001 533; baseline 0.003 -5"><span class='ocrx_word' id='word_1_57' title='bbox 438 496 512 528; x_wconf 86' lang='lat'>181.</span> <span class='ocrx_word' id='word_1_58' title='bbox 536 497 763 529; x_wconf 86' lang='lat' dir='ltr'><strong><em>EPISTOLA</em></strong></span> <span class='ocrx_word' id='word_1_59' title='bbox 787 498 1111 531; x_wconf 86' lang='lat' dir='ltr'><strong><em>IMPERATORIS</em></strong></span> <span class='ocrx_word' id='word_1_60' title='bbox 1131 499 1196 531; x_wconf 89' lang='lat' dir='ltr'><em>AD</em></span> <span class='ocrx_word' id='word_1_61' title='bbox 1219 499 1557 532; x_wconf 81' lang='lat' dir='ltr'><strong><em>EBERHARDUM</em></strong></span> <span class='ocrx_word' id='word_1_62' title='bbox 1578 499 2001 533; x_wconf 81' lang='lat' dir='ltr'><strong><em>ARCHJEPISOOPUM</em></strong></span> 
     </span>
     <span class='ocr_line' id='line_1_8' title="bbox 853 559 1579 599; baseline 0.001 -8"><span class='ocrx_word' id='word_1_63' title='bbox 853 559 1271 592; x_wconf 76' lang='lat' dir='ltr'><strong><em>SALZBURGENSEM</em></strong></span> <span class='ocrx_word' id='word_1_64' title='bbox 1289 560 1404 599; x_wconf 82' lang='lat'><em>(1159)</em></span> <span class='ocrx_word' id='word_1_65' title='bbox 1428 560 1510 599; x_wconf 79' lang='lat' dir='ltr'><em>Sept.</em></span> <span class='ocrx_word' id='word_1_66' title='bbox 1528 561 1579 592; x_wconf 87' lang='lat'><em>16.</em></span> 
     </span>
     <span class='ocr_line' id='line_1_9' title="bbox 495 617 2035 661; baseline 0.003 -14"><span class='ocrx_word' id='word_1_67' title='bbox 495 617 629 648; x_wconf 73' lang='lat' dir='ltr'><em>Edtmus</em></span> <span class='ocrx_word' id='word_1_68' title='bbox 651 628 666 648; x_wconf 89' lang='lat' dir='ltr'><em>e</em></span> <span class='ocrx_word' id='word_1_69' title='bbox 689 618 787 649; x_wconf 77' lang='lat' dir='ltr'><em>codiee</em></span> <span class='ocrx_word' id='word_1_70' title='bbox 809 619 1039 651; x_wconf 65' lang='lat' dir='ltr'><em>Vindobomuszi</em></span> <span class='ocrx_word' id='word_1_71' title='bbox 1062 620 1123 650; x_wconf 74' lang='lat'><em>629</em></span> <span class='ocrx_word' id='word_1_72' title='bbox 1147 620 1218 659; x_wconf 78' lang='lat' dir='ltr'><em>(Ius</em></span> <span class='ocrx_word' id='word_1_73' title='bbox 1241 630 1309 651; x_wconf 76' lang='lat' dir='ltr'><em>can.</em></span> <span class='ocrx_word' id='word_1_74' title='bbox 1328 621 1404 657; x_wconf 78' lang='lat'><em>133)</em></span> <span class='ocrx_word' id='word_1_75' title='bbox 1422 619 1452 661; x_wconf 79' lang='lat' dir='ltr'><em>f.</em></span> <span class='ocrx_word' id='word_1_76' title='bbox 1468 621 1511 651; x_wconf 71' lang='lat'><em>26</em></span> <span class='ocrx_word' id='word_1_77' title='bbox 1518 617 1534 657; x_wconf 82' lang='lat'><em>¹,</em></span> <span class='ocrx_word' id='word_1_78' title='bbox 1559 630 1647 659; x_wconf 72' lang='lat' dir='ltr'><em>quem</em></span> <span class='ocrx_word' id='word_1_79' title='bbox 1670 620 1799 651; x_wconf 68' lang='lat' dir='ltr'><em>contulit</em></span> <span class='ocrx_word' id='word_1_80' title='bbox 1821 620 1870 651; x_wconf 75' lang='lat' dir='ltr'><em>vir</em></span> <span class='ocrx_word' id='word_1_81' title='bbox 1892 620 1920 652; x_wconf 74' lang='lat' dir='ltr'><em>cl.</em></span> <span class='ocrx_word' id='word_1_82' title='bbox 1938 620 2035 653; x_wconf 83' lang='lat' dir='ltr'><em>Kehr.</em></span> 
     </span>
     <span class='ocr_line' id='line_1_10' title="bbox 392 668 2036 713; baseline 0.002 -15"><span class='ocrx_word' id='word_1_83' title='bbox 392 668 520 708; x_wconf 71' lang='lat' dir='ltr'><em>Leyitur</em></span> <span class='ocrx_word' id='word_1_84' title='bbox 551 669 643 700; x_wconf 76' lang='lat' dir='ltr'><em>etiam</em></span> <span class='ocrx_word' id='word_1_85' title='bbox 673 670 707 700; x_wconf 71' lang='lat' dir='ltr'><em>iu</em></span> <span class='ocrx_word' id='word_1_86' title='bbox 736 670 834 702; x_wconf 78' lang='lat' dir='ltr'><em>codiee</em></span> <span class='ocrx_word' id='word_1_87' title='bbox 864 671 1026 710; x_wconf 69' lang='lat' dir='ltr'><em>epistolari</em></span> <span class='ocrx_word' id='word_1_88' title='bbox 1048 670 1281 702; x_wconf 64' lang='lat' dir='ltr'><em>Hmznoverano</em></span> <span class='ocrx_word' id='word_1_89' title='bbox 1304 671 1365 702; x_wconf 80' lang='lat' dir='ltr'><em>XI.</em></span> <span class='ocrx_word' id='word_1_90' title='bbox 1384 673 1445 702; x_wconf 82' lang='lat'><em>671</em></span> <span class='ocrx_word' id='word_1_91' title='bbox 1472 681 1549 703; x_wconf 78' lang='lat' dir='ltr'><em>saec.</em></span> <span class='ocrx_word' id='word_1_92' title='bbox 1573 671 1667 703; x_wconf 88' lang='lat' dir='ltr'><em>XVI.</em></span> <span class='ocrx_word' id='word_1_93' title='bbox 1694 670 1722 712; x_wconf 83' lang='lat' dir='ltr'><em>f.</em></span> <span class='ocrx_word' id='word_1_94' title='bbox 1739 673 1812 704; x_wconf 75' lang='lat'><em>433.</em></span> <span class='ocrx_word' id='word_1_95' title='bbox 1836 690 1876 694; x_wconf 91' lang='lat'><em>—-</em></span> <span class='ocrx_word' id='word_1_96' title='bbox 1901 671 2036 713; x_wconf 82' lang='lat' dir='ltr'><em>Stumpf,</em></span> 
     </span>
     <span class='ocr_line' id='line_1_11' title="bbox 392 720 1933 763; baseline 0.003 -13"><span class='ocrx_word' id='word_1_97' title='bbox 392 720 465 760; x_wconf 69' lang='lat' dir='ltr'><em>Ray.</em></span> <span class='ocrx_word' id='word_1_98' title='bbox 482 722 575 751; x_wconf 77' lang='lat'><em>3865.</em></span> <span class='ocrx_word' id='word_1_99' title='bbox 1771 724 1826 763; x_wconf 85' lang='lat' dir='ltr'><em>(P.</em></span> <span class='ocrx_word' id='word_1_100' title='bbox 1845 725 1933 761; x_wconf 85' lang='lat'><strong><em>117.)</em></strong></span> 
     </span>
    </p>
   </div>
   <div class='ocr_carea' id='block_1_5' title="bbox 388 823 2034 1592">
    <p class='ocr_par' dir='ltr' id='par_1_5' title="bbox 390 823 2034 960">
     <span class='ocr_line' id='line_1_12' title="bbox 494 823 2033 868; baseline 0.002 -14"><span class='ocrx_word' id='word_1_101' title='bbox 494 823 708 865; x_wconf 87' lang='lat' dir='ltr'><em>F(ridericus)</em></span> <span class='ocrx_word' id='word_1_102' title='bbox 741 825 801 856; x_wconf 86' lang='lat' dir='ltr'><em>Dei</em></span> <span class='ocrx_word' id='word_1_103' title='bbox 833 827 935 867; x_wconf 86' lang='lat' dir='ltr'><em>gratia</em></span> <span class='ocrx_word' id='word_1_104' title='bbox 965 826 1184 858; x_wconf 85' lang='lat' dir='ltr'><em>Romanorum</em></span> <span class='ocrx_word' id='word_1_105' title='bbox 1215 827 1389 868; x_wconf 86' lang='lat' dir='ltr'><em>imperator</em></span> <span class='ocrx_word' id='word_1_106' title='bbox 1421 829 1453 857; x_wconf 88' lang='lat' dir='ltr'><em>et</em></span> <span class='ocrx_word' id='word_1_107' title='bbox 1484 837 1612 867; x_wconf 82' lang='lat' dir='ltr'><em>semper</em></span> <span class='ocrx_word' id='word_1_108' title='bbox 1642 830 1798 867; x_wconf 86' lang='lat' dir='ltr'><em>augustus</em></span> <span class='ocrx_word' id='word_1_109' title='bbox 1834 826 1971 857; x_wconf 75' lang='lat' dir='ltr'><em>dilecto³</em></span> <span class='ocrx_word' id='word_1_110' title='bbox 2001 830 2033 857; x_wconf 86' lang='lat' dir='ltr'><em>et</em></span> 
     </span>
     <span class='ocr_line' id='line_1_13' title="bbox 390 875 2034 921; baseline 0.002 -16"><span class='ocrx_word' id='word_1_111' title='bbox 390 875 477 906; x_wconf 86' lang='lat' dir='ltr'><em>fideli</em></span> <span class='ocrx_word' id='word_1_112' title='bbox 511 886 567 906; x_wconf 90' lang='lat' dir='ltr'><em>suo</em></span> <span class='ocrx_word' id='word_1_113' title='bbox 592 876 812 919; x_wconf 87' lang='lat' dir='ltr'><em>E(berhardo)</em></span> <span class='ocrx_word' id='word_1_114' title='bbox 843 878 1022 910; x_wconf 82' lang='lat' dir='ltr'><em>venerabili</em></span> <span class='ocrx_word' id='word_1_115' title='bbox 1054 879 1285 921; x_wconf 85' lang='lat' dir='ltr'><em>Salzpurgensi</em></span> <span class='ocrx_word' id='word_1_116' title='bbox 1316 878 1559 920; x_wconf 78' lang='lat' dir='ltr'><em>archiepiscopo</em></span> <span class='ocrx_word' id='word_1_117' title='bbox 1591 878 1728 919; x_wconf 83' lang='lat' dir='ltr'><em>gratiam</em></span> <span class='ocrx_word' id='word_1_118' title='bbox 1760 889 1852 909; x_wconf 89' lang='lat' dir='ltr'><em>suam</em></span> <span class='ocrx_word' id='word_1_119' title='bbox 1883 881 1915 909; x_wconf 89' lang='lat' dir='ltr'><em>et</em></span> <span class='ocrx_word' id='word_1_120' title='bbox 1940 889 2034 909; x_wconf 91' lang='lat' dir='ltr'><em>omne</em></span> 
     </span>
     <span class='ocr_line' id='line_1_14' title="bbox 391 927 521 960; baseline 0.015 -2"><span class='ocrx_word' id='word_1_121' title='bbox 391 927 521 960; x_wconf 92' lang='lat' dir='ltr'><em>bonum.</em></span> 
     </span>
    </p>

    <p class='ocr_par' dir='ltr' id='par_1_6' title="bbox 388 979 2034 1592">
     <span class='ocr_line' id='line_1_15' title="bbox 493 979 2034 1023; baseline 0.001 -13"><span class='ocrx_word' id='word_1_122' title='bbox 493 979 686 1011; x_wconf 85' lang='lat' dir='ltr'><em>Intimamus</em></span> <span class='ocrx_word' id='word_1_123' title='bbox 711 981 893 1012; x_wconf 85' lang='lat' dir='ltr'><em>dilectionis</em></span> <span class='ocrx_word' id='word_1_124' title='bbox 927 985 980 1012; x_wconf 87' lang='lat' dir='ltr'><em>tue</em></span> <span class='ocrx_word' id='word_1_125' title='bbox 1010 982 1153 1019; x_wconf 87' lang='lat' dir='ltr'><em>auribus,</em></span> <span class='ocrx_word' id='word_1_126' title='bbox 1186 981 1269 1023; x_wconf 90' lang='lat' dir='ltr'><em>quod</em></span> <span class='ocrx_word' id='word_1_127' title='bbox 1294 982 1444 1012; x_wconf 89' lang='lat' dir='ltr'><em>nuncium</em></span> <span class='ocrx_word' id='word_1_128' title='bbox 1469 985 1558 1012; x_wconf 89' lang='lat' dir='ltr'><em>tuum</em></span> <span class='ocrx_word' id='word_1_129' title='bbox 1583 981 1655 1012; x_wconf 87' lang='lat' dir='ltr'><em>ideo</em></span> <span class='ocrx_word' id='word_1_130' title='bbox 1679 981 1802 1012; x_wconf 87' lang='lat' dir='ltr'><em>tamdiu</em></span> <span class='ocrx_word' id='word_1_131' title='bbox 1827 980 2034 1021; x_wconf 76' lang='lat' dir='ltr'><em>detinuimus,</em></span> 
     </span>
     <span class='ocr_line' id='line_1_16' title="bbox 389 1031 2034 1075; baseline 0.001 -14"><span class='ocrx_word' id='word_1_132' title='bbox 389 1034 424 1061; x_wconf 88' lang='lat' dir='ltr'><em>ut</em></span> <span class='ocrx_word' id='word_1_133' title='bbox 453 1031 558 1072; x_wconf 84' lang='lat' dir='ltr'><em>aliqua</em></span> <span class='ocrx_word' id='word_1_134' title='bbox 588 1043 671 1063; x_wconf 87' lang='lat' dir='ltr'><em>nova</em></span> <span class='ocrx_word' id='word_1_135' title='bbox 695 1033 734 1063; x_wconf 92' lang='lat' dir='ltr'><em>de</em></span> <span class='ocrx_word' id='word_1_136' title='bbox 760 1034 901 1074; x_wconf 86' lang='lat' dir='ltr'><em>negotiis</em></span> <span class='ocrx_word' id='word_1_137' title='bbox 927 1034 1056 1071; x_wconf 85' lang='lat' dir='ltr'><em>nostris,</em></span> <span class='ocrx_word' id='word_1_138' title='bbox 1087 1044 1148 1075; x_wconf 88' lang='lat' dir='ltr'><em>que</em></span> <span class='ocrx_word' id='word_1_139' title='bbox 1181 1044 1239 1075; x_wconf 88' lang='lat' dir='ltr'><em>per</em></span> <span class='ocrx_word' id='word_1_140' title='bbox 1269 1034 1393 1074; x_wconf 81' lang='lat' dir='ltr'><em>legatos</em></span> <span class='ocrx_word' id='word_1_141' title='bbox 1418 1037 1545 1063; x_wconf 89' lang='lat' dir='ltr'><em>nostros</em></span> <span class='ocrx_word' id='word_1_142' title='bbox 1570 1032 1671 1063; x_wconf 87' lang='lat' dir='ltr'><em>Rome</em></span> <span class='ocrx_word' id='word_1_143' title='bbox 1696 1032 1946 1071; x_wconf 75' lang='lat' dir='ltr'><em>traetabanturb,</em></span> <span class='ocrx_word' id='word_1_144' title='bbox 1976 1044 2034 1075; x_wconf 88' lang='lat' dir='ltr'><em>per</em></span> 
     </span>
     <span class='ocr_line' id='line_1_17' title="bbox 390 1082 2028 1126; baseline 0.002 -14"><span class='ocrx_word' id='word_1_145' title='bbox 390 1082 498 1123; x_wconf 82' lang='lat' dir='ltr'><em>apices</em></span> <span class='ocrx_word' id='word_1_146' title='bbox 523 1087 647 1114; x_wconf 88' lang='lat' dir='ltr'><em>nostros</em></span> <span class='ocrx_word' id='word_1_147' title='bbox 673 1087 727 1114; x_wconf 92' lang='lat' dir='ltr'><em>tue</em></span> <span class='ocrx_word' id='word_1_148' title='bbox 753 1085 879 1114; x_wconf 83' lang='lat' dir='ltr'><em>caritati</em></span> <span class='ocrx_word' id='word_1_149' title='bbox 905 1085 1130 1126; x_wconf 85' lang='lat' dir='ltr'><em>panderemus.</em></span> <span class='ocrx_word' id='word_1_150' title='bbox 1177 1084 1258 1115; x_wconf 86' lang='lat' dir='ltr'><em>Cum</em></span> <span class='ocrx_word' id='word_1_151' title='bbox 1282 1089 1389 1115; x_wconf 87' lang='lat' dir='ltr'><em>autem</em></span> <span class='ocrx_word' id='word_1_152' title='bbox 1415 1095 1561 1115; x_wconf 78' lang='lat' dir='ltr'><em>essemus</em></span> <span class='ocrx_word' id='word_1_153' title='bbox 1586 1085 1618 1115; x_wconf 90' lang='lat' dir='ltr'><em>in</em></span> <span class='ocrx_word' id='word_1_154' title='bbox 1644 1095 1754 1115; x_wconf 88' lang='lat' dir='ltr'><em>eorum</em></span> <span class='ocrx_word' id='word_1_155' title='bbox 1780 1084 1955 1115; x_wconf 84' lang='lat' dir='ltr'><em>cottidiana</em></span> <span class='ocrx_word' id='word_1_156' title='bbox 1972 1095 2028 1115; x_wconf 80' lang='lat' dir='ltr'><em>ex—</em></span> 
     </span>
     <span class='ocr_line' id='line_1_18' title="bbox 390 1135 2032 1178; baseline 0.001 -14"><span class='ocrx_word' id='word_1_157' title='bbox 390 1135 596 1174; x_wconf 80' lang='lat' dir='ltr'><em>spect-acione</em></span> <span class='ocrx_word' id='word_1_158' title='bbox 634 1139 666 1166; x_wconf 89' lang='lat' dir='ltr'><em>et</em></span> <span class='ocrx_word' id='word_1_159' title='bbox 701 1136 828 1166; x_wconf 84' lang='lat' dir='ltr'><em>interim</em></span> <span class='ocrx_word' id='word_1_160' title='bbox 859 1137 961 1167; x_wconf 91' lang='lat' dir='ltr'><em>nuntii</em></span> <span class='ocrx_word' id='word_1_161' title='bbox 994 1148 1076 1178; x_wconf 85' lang='lat' dir='ltr'><em>pape</em></span> <span class='ocrx_word' id='word_1_162' title='bbox 1109 1147 1180 1167; x_wconf 90' lang='lat' dir='ltr'><em>cum</em></span> <span class='ocrx_word' id='word_1_163' title='bbox 1211 1137 1287 1178; x_wconf 88' lang='lat' dir='ltr'><em>ipsis</em></span> <span class='ocrx_word' id='word_1_164' title='bbox 1319 1137 1358 1167; x_wconf 85' lang='lat' dir='ltr'><em>de</em></span> <span class='ocrx_word' id='word_1_165' title='bbox 1389 1136 1486 1167; x_wconf 86' lang='lat' dir='ltr'><em>verbo</em></span> <span class='ocrx_word' id='word_1_166' title='bbox 1516 1137 1605 1178; x_wconf 81' lang='lat' dir='ltr'><em>pacis</em></span> <span class='ocrx_word' id='word_1_167' title='bbox 1636 1140 1667 1167; x_wconf 87' lang='lat' dir='ltr'><em>et</em></span> <span class='ocrx_word' id='word_1_168' title='bbox 1692 1136 1863 1167; x_wconf 74' lang='lat' dir='ltr'><em>concordie</em></span> <span class='ocrx_word' id='word_1_169' title='bbox 1888 1140 2032 1177; x_wconf 86' lang='lat' dir='ltr'><em>agerent,</em></span> 
     </span>
     <span class='ocr_line' id='line_1_19' title="bbox 391 1185 2033 1230; baseline 0.002 -15"><span class='ocrx_word' id='word_1_170' title='bbox 391 1185 498 1216; x_wconf 81' lang='lat' dir='ltr'><em>divina</em></span> <span class='ocrx_word' id='word_1_171' title='bbox 528 1187 738 1227; x_wconf 77' lang='lat' dir='ltr'><em>providentia⁷</em></span> <span class='ocrx_word' id='word_1_172' title='bbox 769 1198 830 1228; x_wconf 86' lang='lat' dir='ltr'><em>que</em></span> <span class='ocrx_word' id='word_1_173' title='bbox 860 1188 890 1218; x_wconf 92' lang='lat' dir='ltr'><em>in</em></span> <span class='ocrx_word' id='word_1_174' title='bbox 921 1189 969 1218; x_wconf 89' lang='lat' dir='ltr'><em>sui</em></span> <span class='ocrx_word' id='word_1_175' title='bbox 999 1188 1211 1230; x_wconf 83' lang='lat' dir='ltr'><em>dispositione</em></span> <span class='ocrx_word' id='word_1_176' title='bbox 1243 1198 1405 1229; x_wconf 85' lang='lat' dir='ltr'><em>nunquam</em></span> <span class='ocrx_word' id='word_1_177' title='bbox 1435 1188 1566 1223; x_wconf 78' lang='lat' dir='ltr'><em>fallitur,</em></span> <span class='ocrx_word' id='word_1_178' title='bbox 1599 1189 1704 1230; x_wconf 87' lang='lat' dir='ltr'><em>ipsum</em></span> <span class='ocrx_word' id='word_1_179' title='bbox 1737 1199 1854 1230; x_wconf 84' lang='lat' dir='ltr'><em>papam</em></span> <span class='ocrx_word' id='word_1_180' title='bbox 1883 1188 1914 1219; x_wconf 88' lang='lat' dir='ltr'><em>in</em></span> <span class='ocrx_word' id='word_1_181' title='bbox 1938 1191 2033 1219; x_wconf 88' lang='lat' dir='ltr'><em>nocte</em></span> 
     </span>
     <span class='ocr_line' id='line_1_20' title="bbox 390 1237 2031 1281; baseline 0.002 -15"><span class='ocrx_word' id='word_1_182' title='bbox 390 1237 477 1267; x_wconf 88' lang='lat' dir='ltr'><em>beati</em></span> <span class='ocrx_word' id='word_1_183' title='bbox 501 1237 608 1278; x_wconf 82' lang='lat' dir='ltr'><em>Egidii</em></span> <span class='ocrx_word' id='word_1_184' title='bbox 632 1239 671 1270; x_wconf 90' lang='lat' dir='ltr'><em>de</em></span> <span class='ocrx_word' id='word_1_185' title='bbox 698 1239 801 1270; x_wconf 85' lang='lat' dir='ltr'><em>medio</em></span> <span class='ocrx_word' id='word_1_186' title='bbox 826 1241 999 1272; x_wconf 81' lang='lat' dir='ltr'><em>transtulit.</em></span> <span class='ocrx_word' id='word_1_187' title='bbox 1045 1240 1093 1271; x_wconf 88' lang='lat' dir='ltr'><em>De</em></span> <span class='ocrx_word' id='word_1_188' title='bbox 1119 1241 1209 1271; x_wconf 89' lang='lat' dir='ltr'><em>cuius</em></span> <span class='ocrx_word' id='word_1_189' title='bbox 1234 1240 1323 1270; x_wconf 89' lang='lat' dir='ltr'><em>obitu</em></span> <span class='ocrx_word' id='word_1_190' title='bbox 1348 1240 1472 1270; x_wconf 80' lang='lat' dir='ltr'><em>litteras</em></span> <span class='ocrx_word' id='word_1_191' title='bbox 1498 1241 1692 1281; x_wconf 84' lang='lat' dir='ltr'><em>accepimus.</em></span> <span class='ocrx_word' id='word_1_192' title='bbox 1739 1239 1831 1274; x_wconf 82' lang='lat' dir='ltr'><em>Quod</em></span> <span class='ocrx_word' id='word_1_193' title='bbox 1856 1251 1931 1271; x_wconf 86' lang='lat' dir='ltr'><em>vero</em></span> <span class='ocrx_word' id='word_1_194' title='bbox 1956 1240 2031 1270; x_wconf 92' lang='lat' dir='ltr'><em>sub-</em></span> 
     </span>
     <span class='ocr_line' id='line_1_21' title="bbox 388 1289 2031 1333; baseline 0.002 -15"><span class='ocrx_word' id='word_1_195' title='bbox 388 1289 549 1320; x_wconf 84' lang='lat' dir='ltr'><em>stituenda</em></span> <span class='ocrx_word' id='word_1_196' title='bbox 581 1291 766 1321; x_wconf 86' lang='lat' dir='ltr'><em>necessario</em></span> <span class='ocrx_word' id='word_1_197' title='bbox 798 1296 885 1322; x_wconf 89' lang='lat' dir='ltr'><em>esset</em></span> <span class='ocrx_word' id='word_1_198' title='bbox 909 1292 983 1322; x_wconf 84' lang='lat' dir='ltr'><em>talis</em></span> <span class='ocrx_word' id='word_1_199' title='bbox 1017 1302 1166 1333; x_wconf 85' lang='lat' dir='ltr'><em>persona,</em></span> <span class='ocrx_word' id='word_1_200' title='bbox 1197 1302 1258 1332; x_wconf 88' lang='lat' dir='ltr'><em>que</em></span> <span class='ocrx_word' id='word_1_201' title='bbox 1284 1291 1322 1322; x_wconf 87' lang='lat' dir='ltr'><em>ad</em></span> <span class='ocrx_word' id='word_1_202' title='bbox 1349 1292 1570 1322; x_wconf 80' lang='lat' dir='ltr'><em>universorum</em></span> <span class='ocrx_word' id='word_1_203' title='bbox 1596 1292 1732 1322; x_wconf 83' lang='lat' dir='ltr'><em>salutem</em></span> <span class='ocrx_word' id='word_1_204' title='bbox 1758 1291 1899 1322; x_wconf 86' lang='lat' dir='ltr'><em>fidelium</em></span> <span class='ocrx_word' id='word_1_205' title='bbox 1929 1293 2031 1323; x_wconf 87' lang='lat' dir='ltr'><em>eccle-</em></span> 
     </span>
     <span class='ocr_line' id='line_1_22' title="bbox 389 1341 2030 1385; baseline 0.002 -15"><span class='ocrx_word' id='word_1_206' title='bbox 389 1341 508 1371; x_wconf 78' lang='lat' dir='ltr'><em>siarum</em></span> <span class='ocrx_word' id='word_1_207' title='bbox 533 1341 595 1372; x_wconf 89' lang='lat' dir='ltr'><em>Dei</em></span> <span class='ocrx_word' id='word_1_208' title='bbox 627 1346 744 1373; x_wconf 79' lang='lat' dir='ltr'><em>statum</em></span> <span class='ocrx_word' id='word_1_209' title='bbox 770 1344 799 1373; x_wconf 91' lang='lat' dir='ltr'><em>in</em></span> <span class='ocrx_word' id='word_1_210' title='bbox 825 1344 975 1375; x_wconf 89' lang='lat' dir='ltr'><em>unionem</em></span> <span class='ocrx_word' id='word_1_211' title='bbox 1000 1344 1087 1385; x_wconf 80' lang='lat' dir='ltr'><em>pacis</em></span> <span class='ocrx_word' id='word_1_212' title='bbox 1113 1344 1303 1374; x_wconf 80' lang='lat' dir='ltr'><em>reformaret</em></span> <span class='ocrx_word' id='word_1_213' title='bbox 1328 1348 1359 1374; x_wconf 81' lang='lat' dir='ltr'><em>ct</em></span> <span class='ocrx_word' id='word_1_214' title='bbox 1384 1344 1487 1385; x_wconf 88' lang='lat' dir='ltr'><em>ipsum</em></span> <span class='ocrx_word' id='word_1_215' title='bbox 1512 1344 1682 1385; x_wconf 86' lang='lat' dir='ltr'><em>imperium</em></span> <span class='ocrx_word' id='word_1_216' title='bbox 1707 1354 1743 1374; x_wconf 82' lang='lat' dir='ltr'><em>ac</em></span> <span class='ocrx_word' id='word_1_217' title='bbox 1767 1343 1879 1374; x_wconf 83' lang='lat' dir='ltr'><em>fideles</em></span> <span class='ocrx_word' id='word_1_218' title='bbox 1904 1343 2030 1385; x_wconf 86' lang='lat' dir='ltr'><em>imperii</em></span> 
     </span>
     <span class='ocr_line' id='line_1_23' title="bbox 389 1392 2032 1437; baseline 0.002 -15"><span class='ocrx_word' id='word_1_219' title='bbox 389 1392 556 1423; x_wconf 79' lang='lat' dir='ltr'><em>honestius</em></span> <span class='ocrx_word' id='word_1_220' title='bbox 589 1397 753 1433; x_wconf 76' lang='lat' dir='ltr'><em>tractaret,</em></span> <span class='ocrx_word' id='word_1_221' title='bbox 786 1406 842 1436; x_wconf 92' lang='lat' dir='ltr'><em>pro</em></span> <span class='ocrx_word' id='word_1_222' title='bbox 876 1396 1036 1426; x_wconf 83' lang='lat' dir='ltr'><em>electione</em></span> <span class='ocrx_word' id='word_1_223' title='bbox 1069 1396 1227 1437; x_wconf 88' lang='lat' dir='ltr'><em>pontificis</em></span> <span class='ocrx_word' id='word_1_224' title='bbox 1257 1396 1404 1426; x_wconf 86' lang='lat' dir='ltr'><em>facienda</em></span> <span class='ocrx_word' id='word_1_225' title='bbox 1433 1395 1495 1426; x_wconf 89' lang='lat' dir='ltr'><em>iam</em></span> <span class='ocrx_word' id='word_1_226' title='bbox 1525 1396 1555 1426; x_wconf 92' lang='lat' dir='ltr'><em>in</em></span> <span class='ocrx_word' id='word_1_227' title='bbox 1581 1395 1728 1426; x_wconf 75' lang='lat' dir='ltr'><em>Romana</em></span> <span class='ocrx_word' id='word_1_228' title='bbox 1761 1395 1900 1426; x_wconf 85' lang='lat' dir='ltr'><em>ecclesia</em></span> <span class='ocrx_word' id='word_1_229' title='bbox 1923 1398 2032 1437; x_wconf 84' lang='lat' dir='ltr'><em>partes</em></span> 
     </span>
     <span class='ocr_line' id='line_1_24' title="bbox 391 1445 2032 1488; baseline 0.002 -15"><span class='ocrx_word' id='word_1_230' title='bbox 391 1455 463 1475; x_wconf 85' lang='lat' dir='ltr'><em>esse</em></span> <span class='ocrx_word' id='word_1_231' title='bbox 495 1445 675 1475; x_wconf 86' lang='lat' dir='ltr'><em>audivimus</em></span> <span class='ocrx_word' id='word_1_232' title='bbox 706 1450 737 1476; x_wconf 86' lang='lat' dir='ltr'><em>et</em></span> <span class='ocrx_word' id='word_1_233' title='bbox 768 1447 939 1488; x_wconf 89' lang='lat' dir='ltr'><em>plurimum</em></span> <span class='ocrx_word' id='word_1_234' title='bbox 970 1448 1043 1478; x_wconf 88' lang='lat' dir='ltr'><em>inde</em></span> <span class='ocrx_word' id='word_1_235' title='bbox 1069 1447 1284 1478; x_wconf 87' lang='lat' dir='ltr'><em>condolemus.</em></span> <span class='ocrx_word' id='word_1_236' title='bbox 1331 1447 1411 1478; x_wconf 85' lang='lat' dir='ltr'><em>Inde</em></span> <span class='ocrx_word' id='word_1_237' title='bbox 1437 1451 1485 1478; x_wconf 87' lang='lat' dir='ltr'><em>est</em></span> <span class='ocrx_word' id='word_1_238' title='bbox 1509 1447 1593 1488; x_wconf 90' lang='lat' dir='ltr'><em>quod</em></span> <span class='ocrx_word' id='word_1_239' title='bbox 1619 1457 1675 1488; x_wconf 88' lang='lat' dir='ltr'><em>pro</em></span> <span class='ocrx_word' id='word_1_240' title='bbox 1701 1447 1794 1477; x_wconf 89' lang='lat' dir='ltr'><em>huius</em></span> <span class='ocrx_word' id='word_1_241' title='bbox 1819 1448 1863 1477; x_wconf 86' lang='lat' dir='ltr'><em>rei</em></span> <span class='ocrx_word' id='word_1_242' title='bbox 1889 1448 2032 1478; x_wconf 82' lang='lat' dir='ltr'><em>novitate</em></span> 
     </span>
     <span class='ocr_line' id='line_1_25' title="bbox 390 1496 2032 1533; baseline 0.002 -7"><span class='ocrx_word' id='word_1_243' title='bbox 390 1496 445 1526; x_wconf 91' lang='lat' dir='ltr'><em>tibi</em></span> <span class='ocrx_word' id='word_1_244' title='bbox 476 1497 659 1527; x_wconf 79' lang='lat' dir='ltr'><em>nuncianda</em></span> <span class='ocrx_word' id='word_1_245' title='bbox 683 1499 828 1528; x_wconf 85' lang='lat' dir='ltr'><em>nuntium</em></span> <span class='ocrx_word' id='word_1_246' title='bbox 854 1502 943 1529; x_wconf 89' lang='lat' dir='ltr'><em>tuum</em></span> <span class='ocrx_word' id='word_1_247' title='bbox 967 1499 1131 1530; x_wconf 86' lang='lat' dir='ltr'><em>dilectioni</em></span> <span class='ocrx_word' id='word_1_248' title='bbox 1155 1503 1209 1530; x_wconf 85' lang='lat' dir='ltr'><em>tue</em></span> <span class='ocrx_word' id='word_1_249' title='bbox 1234 1499 1437 1533; x_wconf 75' lang='lat' dir='ltr'><em>remittimus,</em></span> <span class='ocrx_word' id='word_1_250' title='bbox 1470 1499 1634 1529; x_wconf 86' lang='lat' dir='ltr'><em>fidelitatis</em></span> <span class='ocrx_word' id='word_1_251' title='bbox 1660 1502 1713 1529; x_wconf 87' lang='lat' dir='ltr'><em>tue</em></span> <span class='ocrx_word' id='word_1_252' title='bbox 1739 1499 1959 1530; x_wconf 87' lang='lat' dir='ltr'><em>sinceritatem</em></span> <span class='ocrx_word' id='word_1_253' title='bbox 1984 1499 2032 1529; x_wconf 93' lang='lat' dir='ltr'><em>in-</em></span> 
     </span>
     <span class='ocr_line' id='line_1_26' title="bbox 390 1549 2030 1592; baseline 0.002 -14"><span class='ocrx_word' id='word_1_254' title='bbox 390 1549 467 1579; x_wconf 87' lang='lat' dir='ltr'><em>time</em></span> <span class='ocrx_word' id='word_1_255' title='bbox 493 1554 746 1585; x_wconf 79' lang='lat' dir='ltr'><em>commonentes,</em></span> <span class='ocrx_word' id='word_1_256' title='bbox 774 1550 937 1581; x_wconf 83' lang='lat' dir='ltr'><em>hortantes</em></span> <span class='ocrx_word' id='word_1_257' title='bbox 962 1555 994 1581; x_wconf 87' lang='lat' dir='ltr'><em>ct</em></span> <span class='ocrx_word' id='word_1_258' title='bbox 1018 1562 1111 1592; x_wconf 88' lang='lat' dir='ltr'><em>qnam</em></span> <span class='ocrx_word' id='word_1_259' title='bbox 1137 1552 1274 1582; x_wconf 82' lang='lat' dir='ltr'><em>maxime</em></span> <span class='ocrx_word' id='word_1_260' title='bbox 1299 1554 1462 1592; x_wconf 73' lang='lat' dir='ltr'><em>rogantes,</em></span> <span class='ocrx_word' id='word_1_261' title='bbox 1488 1555 1522 1581; x_wconf 88' lang='lat' dir='ltr'><em>ut</em></span> <span class='ocrx_word' id='word_1_262' title='bbox 1541 1551 1565 1581; x_wconf 89' lang='lat' dir='ltr'><em>si</em></span> <span class='ocrx_word' id='word_1_263' title='bbox 1585 1551 1667 1581; x_wconf 87' lang='lat' dir='ltr'><em>forte</em></span> <span class='ocrx_word' id='word_1_264' title='bbox 1686 1561 1742 1592; x_wconf 90' lang='lat' dir='ltr'><em>pro</em></span> <span class='ocrx_word' id='word_1_265' title='bbox 1761 1551 1866 1591; x_wconf 89' lang='lat' dir='ltr'><em>aliquo</em></span> <span class='ocrx_word' id='word_1_266' title='bbox 1884 1550 2030 1581; x_wconf 81' lang='lat' dir='ltr'><em>Romane</em></span> 
     </span>
    </p>
   </div>
   <div class='ocr_carea' id='block_1_6' title="bbox 390 1600 2068 1644">
    <p class='ocr_par' dir='ltr' id='par_1_7' title="bbox 390 1600 2068 1644">
     <span class='ocr_line' id='line_1_27' title="bbox 390 1600 2068 1644; baseline 0.002 -14"><span class='ocrx_word' id='word_1_267' title='bbox 390 1600 475 1630; x_wconf 89' lang='lat' dir='ltr'><em>sedis</em></span> <span class='ocrx_word' id='word_1_268' title='bbox 501 1601 603 1631; x_wconf 89' lang='lat' dir='ltr'><em>electo</em></span> <span class='ocrx_word' id='word_1_269' title='bbox 633 1612 787 1631; x_wconf 79' lang='lat' dir='ltr'><em>assensus</em></span> <span class='ocrx_word' id='word_1_270' title='bbox 812 1602 1015 1633; x_wconf 77' lang='lat' dir='ltr'><em>discretionis</em></span> <span class='ocrx_word' id='word_1_271' title='bbox 1048 1608 1101 1633; x_wconf 86' lang='lat' dir='ltr'><em>tue</em></span> <span class='ocrx_word' id='word_1_272' title='bbox 1127 1603 1297 1644; x_wconf 86' lang='lat' dir='ltr'><em>requisitus</em></span> <span class='ocrx_word' id='word_1_273' title='bbox 1322 1603 1427 1637; x_wconf 65' lang='lat' dir='ltr'><em>fuerit,</em></span> <span class='ocrx_word' id='word_1_274' title='bbox 1460 1613 1522 1633; x_wconf 88' lang='lat' dir='ltr'><em>non</em></span> <span class='ocrx_word' id='word_1_275' title='bbox 1548 1602 1666 1638; x_wconf 81' lang='lat' dir='ltr'><em>statim,</em></span> <span class='ocrx_word' id='word_1_276' title='bbox 1699 1602 1790 1642; x_wconf 86' lang='lat' dir='ltr'><em>quasi</em></span> <span class='ocrx_word' id='word_1_277' title='bbox 1815 1602 2029 1643; x_wconf 83' lang='lat' dir='ltr'><em>praecipitata</em></span> <span class='ocrx_word' id='word_1_278' title='bbox 2057 1610 2068 1628; x_wconf 68' lang='grc' dir='ltr'><em>’ὲ</em></span> 
     </span>
    </p>
   </div>
   <div class='ocr_carea' id='block_1_7' title="bbox 382 1652 2030 2420">
    <p class='ocr_par' dir='ltr' id='par_1_8' title="bbox 382 1652 2030 2420">
     <span class='ocr_line' id='line_1_28' title="bbox 389 1652 2030 1695; baseline 0.002 -14"><span class='ocrx_word' id='word_1_279' title='bbox 389 1652 511 1682; x_wconf 83' lang='lat' dir='ltr'><em>ratione</em></span> <span class='ocrx_word' id='word_1_280' title='bbox 542 1653 593 1683; x_wconf 87' lang='lat' dir='ltr'><em>vel</em></span> <span class='ocrx_word' id='word_1_281' title='bbox 624 1653 714 1683; x_wconf 87' lang='lat' dir='ltr'><em>nobis</em></span> <span class='ocrx_word' id='word_1_282' title='bbox 744 1654 945 1687; x_wconf 75' lang='lat' dir='ltr'><em>inconsultis,</em></span> <span class='ocrx_word' id='word_1_283' title='bbox 980 1655 1122 1685; x_wconf 86' lang='lat' dir='ltr'><em>favorem</em></span> <span class='ocrx_word' id='word_1_284' title='bbox 1152 1660 1241 1685; x_wconf 82' lang='lat' dir='ltr'><em>tuum</em></span> <span class='ocrx_word' id='word_1_285' title='bbox 1268 1655 1434 1689; x_wconf 72' lang='lat' dir='ltr'><em>adhibeas,</em></span> <span class='ocrx_word' id='word_1_286' title='bbox 1467 1654 1522 1684; x_wconf 86' lang='lat' dir='ltr'><em>sed</em></span> <span class='ocrx_word' id='word_1_287' title='bbox 1549 1664 1588 1684; x_wconf 87' lang='lat' dir='ltr'><em>ne</em></span> <span class='ocrx_word' id='word_1_288' title='bbox 1614 1654 1783 1695; x_wconf 88' lang='lat' dir='ltr'><em>imperium</em></span> <span class='ocrx_word' id='word_1_289' title='bbox 1808 1654 1925 1684; x_wconf 82' lang='lat' dir='ltr'><em>nostris</em></span> <span class='ocrx_word' id='word_1_290' title='bbox 1950 1658 2030 1684; x_wconf 87' lang='lat' dir='ltr'><em>tcm-</em></span> 
     </span>
     <span class='ocr_line' id='line_1_29' title="bbox 389 1703 2028 1746; baseline 0.002 -14"><span class='ocrx_word' id='word_1_291' title='bbox 389 1703 521 1744; x_wconf 82' lang='lat' dir='ltr'><em>poribus</em></span> <span class='ocrx_word' id='word_1_292' title='bbox 555 1704 585 1734; x_wconf 94' lang='lat' dir='ltr'><em>in</em></span> <span class='ocrx_word' id='word_1_293' title='bbox 617 1716 650 1734; x_wconf 84' lang='lat' dir='ltr'><em>se</em></span> <span class='ocrx_word' id='word_1_294' title='bbox 676 1705 778 1746; x_wconf 88' lang='lat' dir='ltr'><em>ipsum</em></span> <span class='ocrx_word' id='word_1_295' title='bbox 810 1705 947 1736; x_wconf 87' lang='lat' dir='ltr'><em>divisum</em></span> <span class='ocrx_word' id='word_1_296' title='bbox 977 1706 1150 1742; x_wconf 70' lang='lat' dir='ltr'><em>desoletur,</em></span> <span class='ocrx_word' id='word_1_297' title='bbox 1185 1706 1223 1736; x_wconf 88' lang='lat' dir='ltr'><em>ad</em></span> <span class='ocrx_word' id='word_1_298' title='bbox 1253 1707 1408 1737; x_wconf 83' lang='lat' dir='ltr'><em>unitatem</em></span> <span class='ocrx_word' id='word_1_299' title='bbox 1435 1706 1600 1736; x_wconf 86' lang='lat' dir='ltr'><em>nobiscum</em></span> <span class='ocrx_word' id='word_1_300' title='bbox 1627 1705 1758 1736; x_wconf 75' lang='lat' dir='ltr'><em>studeas</em></span> <span class='ocrx_word' id='word_1_301' title='bbox 1784 1716 1916 1746; x_wconf 85' lang='lat' dir='ltr'><em>operam</em></span> <span class='ocrx_word' id='word_1_302' title='bbox 1941 1705 2028 1736; x_wconf 88' lang='lat' dir='ltr'><em>dare.</em></span> 
     </span>
     <span class='ocr_line' id='line_1_30' title="bbox 388 1755 2030 1799; baseline 0.001 -14"><span class='ocrx_word' id='word_1_303' title='bbox 388 1755 475 1786; x_wconf 85' lang='lat' dir='ltr'><em>Idem</em></span> <span class='ocrx_word' id='word_1_304' title='bbox 508 1766 633 1797; x_wconf 86' lang='lat' dir='ltr'><em>quoquc</em></span> <span class='ocrx_word' id='word_1_305' title='bbox 664 1757 724 1787; x_wconf 88' lang='lat' dir='ltr'><em>tuis</em></span> <span class='ocrx_word' id='word_1_306' title='bbox 756 1757 969 1798; x_wconf 82' lang='lat' dir='ltr'><em>suffragancis</em></span> <span class='ocrx_word' id='word_1_307' title='bbox 1002 1761 1033 1788; x_wconf 89' lang='lat' dir='ltr'><em>et</em></span> <span class='ocrx_word' id='word_1_308' title='bbox 1065 1758 1266 1799; x_wconf 78' lang='lat' dir='ltr'><em>coepiscopis</em></span> <span class='ocrx_word' id='word_1_309' title='bbox 1299 1757 1516 1788; x_wconf 84' lang='lat' dir='ltr'><em>nunciandum</em></span> <span class='ocrx_word' id='word_1_310' title='bbox 1541 1762 1572 1788; x_wconf 89' lang='lat' dir='ltr'><em>et</em></span> <span class='ocrx_word' id='word_1_311' title='bbox 1604 1757 1847 1799; x_wconf 87' lang='lat' dir='ltr'><em>precipicndum</em></span> <span class='ocrx_word' id='word_1_312' title='bbox 1872 1757 2030 1787; x_wconf 86' lang='lat' dir='ltr'><em>attencius</em></span> 
     </span>
     <span class='ocr_line' id='line_1_31' title="bbox 388 1808 2028 1850; baseline 0.001 -13"><span class='ocrx_word' id='word_1_313' title='bbox 388 1817 544 1847; x_wconf 86' lang='lat' dir='ltr'><em>rogamus.</em></span> <span class='ocrx_word' id='word_1_314' title='bbox 639 1808 792 1839; x_wconf 80' lang='lat' dir='ltr'><em>Preterea</em></span> <span class='ocrx_word' id='word_1_315' title='bbox 826 1809 1029 1841; x_wconf 86' lang='lat' dir='ltr'><em>dilectionem</em></span> <span class='ocrx_word' id='word_1_316' title='bbox 1066 1814 1154 1841; x_wconf 85' lang='lat' dir='ltr'><em>tuam</em></span> <span class='ocrx_word' id='word_1_317' title='bbox 1186 1811 1332 1841; x_wconf 85' lang='lat' dir='ltr'><em>volumus</em></span> <span class='ocrx_word' id='word_1_318' title='bbox 1361 1821 1422 1840; x_wconf 90' lang='lat' dir='ltr'><em>non</em></span> <span class='ocrx_word' id='word_1_319' title='bbox 1452 1810 1569 1843; x_wconf 74' lang='lat' dir='ltr'><em>latere,</em></span> <span class='ocrx_word' id='word_1_320' title='bbox 1601 1809 1682 1850; x_wconf 88' lang='lat' dir='ltr'><em>quod</em></span> <span class='ocrx_word' id='word_1_321' title='bbox 1714 1809 1805 1839; x_wconf 82' lang='lat' dir='ltr'><em>iuxta</em></span> <span class='ocrx_word' id='word_1_322' title='bbox 1835 1809 2028 1850; x_wconf 87' lang='lat' dir='ltr'><em>peticionem</em></span> 
     </span>
     <span class='ocr_line' id='line_1_32' title="bbox 387 1859 2027 1903; baseline 0.001 -15"><span class='ocrx_word' id='word_1_323' title='bbox 387 1859 473 1899; x_wconf 83' lang='lat' dir='ltr'><em>regis</em></span> <span class='ocrx_word' id='word_1_324' title='bbox 499 1859 693 1890; x_wconf 83' lang='lat' dir='ltr'><em>Francorum</em></span> <span class='ocrx_word' id='word_1_325' title='bbox 725 1861 942 1891; x_wconf 84' lang='lat' dir='ltr'><em>venerabilem</em></span> <span class='ocrx_word' id='word_1_326' title='bbox 972 1862 1114 1902; x_wconf 83' lang='lat' dir='ltr'><em>legatum</em></span> <span class='ocrx_word' id='word_1_327' title='bbox 1146 1866 1287 1892; x_wconf 89' lang='lat' dir='ltr'><em>nostrum</em></span> <span class='ocrx_word' id='word_1_328' title='bbox 1312 1862 1506 1903; x_wconf 79' lang='lat' dir='ltr'><em>Papienscm</em></span> <span class='ocrx_word' id='word_1_329' title='bbox 1538 1861 1742 1902; x_wconf 68' lang='lat' dir='ltr'><em>episcopum,</em></span> <span class='ocrx_word' id='word_1_330' title='bbox 1774 1860 1965 1902; x_wconf 88' lang='lat' dir='ltr'><em>prudentem</em></span> <span class='ocrx_word' id='word_1_331' title='bbox 1990 1871 2027 1890; x_wconf 89' lang='lat' dir='ltr'><em>ac</em></span> 
     </span>
     <span class='ocr_line' id='line_1_33' title="bbox 386 1910 2028 1954; baseline 0.002 -14"><span class='ocrx_word' id='word_1_332' title='bbox 386 1910 560 1941; x_wconf 87' lang='lat' dir='ltr'><em>discretum</em></span> <span class='ocrx_word' id='word_1_333' title='bbox 585 1922 765 1952; x_wconf 83' lang='lat' dir='ltr'><em>magnequc</em></span> <span class='ocrx_word' id='word_1_334' title='bbox 791 1913 970 1943; x_wconf 85' lang='lat' dir='ltr'><em>sanctitatis</em></span> <span class='ocrx_word' id='word_1_335' title='bbox 996 1914 1108 1949; x_wconf 69' lang='lat' dir='ltr'><em>virum,</em></span> <span class='ocrx_word' id='word_1_336' title='bbox 1135 1925 1153 1944; x_wconf 88' lang='lat' dir='ltr'><em>a</em></span> <span class='ocrx_word' id='word_1_337' title='bbox 1178 1915 1267 1944; x_wconf 85' lang='lat' dir='ltr'><em>curia</em></span> <span class='ocrx_word' id='word_1_338' title='bbox 1292 1918 1401 1945; x_wconf 84' lang='lat' dir='ltr'><em>nostra</em></span> <span class='ocrx_word' id='word_1_339' title='bbox 1426 1913 1674 1951; x_wconf 71' lang='lat' dir='ltr'><em>transmisimus,</em></span> <span class='ocrx_word' id='word_1_340' title='bbox 1700 1913 1752 1954; x_wconf 87' lang='lat' dir='ltr'><em>qui</em></span> <span class='ocrx_word' id='word_1_341' title='bbox 1777 1912 1839 1943; x_wconf 91' lang='lat' dir='ltr'><em>duo</em></span> <span class='ocrx_word' id='word_1_342' title='bbox 1868 1913 1947 1943; x_wconf 86' lang='lat' dir='ltr'><em>tanti</em></span> <span class='ocrx_word' id='word_1_343' title='bbox 1973 1923 2028 1943; x_wconf 92' lang='lat' dir='ltr'><em>no-</em></span> 
     </span>
     <span class='ocr_line' id='line_1_34' title="bbox 387 1963 2029 2007; baseline 0.002 -15"><span class='ocrx_word' id='word_1_344' title='bbox 387 1963 479 1992; x_wconf 87' lang='lat' dir='ltr'><em>minis</em></span> <span class='ocrx_word' id='word_1_345' title='bbox 506 1973 615 2003; x_wconf 72' lang='lat' dir='ltr'><em>regna,</em></span> <span class='ocrx_word' id='word_1_346' title='bbox 648 1964 845 2004; x_wconf 76' lang='lat' dir='ltr'><em>Anglorum⁰</em></span> <span class='ocrx_word' id='word_1_347' title='bbox 869 1965 1021 1995; x_wconf 86' lang='lat' dir='ltr'><em>videlicet</em></span> <span class='ocrx_word' id='word_1_348' title='bbox 1050 1976 1086 1996; x_wconf 85' lang='lat' dir='ltr'><em>ac</em></span> <span class='ocrx_word' id='word_1_349' title='bbox 1111 1965 1325 2003; x_wconf 79' lang='lat' dir='ltr'><em>Francorum,</em></span> <span class='ocrx_word' id='word_1_350' title='bbox 1354 1967 1503 2007; x_wconf 88' lang='lat' dir='ltr'><em>ipsosque</em></span> <span class='ocrx_word' id='word_1_351' title='bbox 1529 1975 1622 2005; x_wconf 83' lang='lat' dir='ltr'><em>reges</em></span> <span class='ocrx_word' id='word_1_352' title='bbox 1646 1964 1686 1995; x_wconf 84' lang='lat' dir='ltr'><em>ad</em></span> <span class='ocrx_word' id='word_1_353' title='bbox 1711 1965 1833 1995; x_wconf 86' lang='lat' dir='ltr'><em>firmam</em></span> <span class='ocrx_word' id='word_1_354' title='bbox 1859 1976 1972 2006; x_wconf 87' lang='lat' dir='ltr'><em>pacem</em></span> <span class='ocrx_word' id='word_1_355' title='bbox 1998 1968 2029 1996; x_wconf 89' lang='lat' dir='ltr'><em>et</em></span> 
     </span>
     <span class='ocr_line' id='line_1_35' title="bbox 386 2014 2028 2058; baseline 0.002 -15"><span class='ocrx_word' id='word_1_356' title='bbox 386 2014 534 2044; x_wconf 85' lang='lat' dir='ltr'><em>stabilem</em></span> <span class='ocrx_word' id='word_1_357' title='bbox 565 2015 736 2045; x_wconf 87' lang='lat' dir='ltr'><em>amicitiam</em></span> <span class='ocrx_word' id='word_1_358' title='bbox 765 2016 831 2046; x_wconf 83' lang='lat' dir='ltr'><em>vice</em></span> <span class='ocrx_word' id='word_1_359' title='bbox 860 2021 969 2047; x_wconf 86' lang='lat' dir='ltr'><em>nostra</em></span> <span class='ocrx_word' id='word_1_360' title='bbox 996 2022 1207 2053; x_wconf 76' lang='lat' dir='ltr'><em>commoneat,</em></span> <span class='ocrx_word' id='word_1_361' title='bbox 1239 2018 1429 2048; x_wconf 80' lang='lat' dir='ltr'><em>auctoritate</em></span> <span class='ocrx_word' id='word_1_362' title='bbox 1456 2017 1609 2047; x_wconf 78' lang='lat' dir='ltr'><em>reformet</em></span> <span class='ocrx_word' id='word_1_363' title='bbox 1634 2020 1665 2046; x_wconf 81' lang='lat' dir='ltr'><em>et</em></span> <span class='ocrx_word' id='word_1_364' title='bbox 1690 2027 1787 2058; x_wconf 84' lang='lat' dir='ltr'><em>supra</em></span> <span class='ocrx_word' id='word_1_365' title='bbox 1811 2016 2028 2047; x_wconf 87' lang='lat' dir='ltr'><em>firmissimum</em></span> 
     </span>
     <span class='ocr_line' id='line_1_36' title="bbox 385 2065 2025 2110; baseline 0.001 -14"><span class='ocrx_word' id='word_1_366' title='bbox 385 2065 566 2096; x_wconf 82' lang='lat' dir='ltr'><em>dilectionis</em></span> <span class='ocrx_word' id='word_1_367' title='bbox 585 2070 616 2097; x_wconf 84' lang='lat' dir='ltr'><em>et</em></span> <span class='ocrx_word' id='word_1_368' title='bbox 634 2067 772 2097; x_wconf 80' lang='lat' dir='ltr'><em>amicitie</em></span> <span class='ocrx_word' id='word_1_369' title='bbox 790 2068 922 2099; x_wconf 66' lang='lat' dir='ltr'><em>nostred</em></span> <span class='ocrx_word' id='word_1_370' title='bbox 946 2069 1191 2100; x_wconf 79' lang='lat' dir='ltr'><em>fundamentum</em></span> <span class='ocrx_word' id='word_1_371' title='bbox 1210 2080 1281 2100; x_wconf 92' lang='lat' dir='ltr'><em>cum</em></span> <span class='ocrx_word' id='word_1_372' title='bbox 1299 2070 1384 2100; x_wconf 90' lang='lat' dir='ltr'><em>omni</em></span> <span class='ocrx_word' id='word_1_373' title='bbox 1402 2068 1603 2110; x_wconf 86' lang='lat' dir='ltr'><em>plenitudine</em></span> <span class='ocrx_word' id='word_1_374' title='bbox 1623 2072 1654 2099; x_wconf 89' lang='lat' dir='ltr'><em>ct</em></span> <span class='ocrx_word' id='word_1_375' title='bbox 1671 2068 1857 2109; x_wconf 85' lang='lat' dir='ltr'><em>integritate</em></span> <span class='ocrx_word' id='word_1_376' title='bbox 1874 2067 2025 2098; x_wconf 80' lang='lat' dir='ltr'><em>stabiliat.</em></span> 
     </span>
     <span class='ocr_line' id='line_1_37' title="bbox 384 2116 2025 2162; baseline 0.002 -16"><span class='ocrx_word' id='word_1_377' title='bbox 384 2116 519 2147; x_wconf 86' lang='lat' dir='ltr'><em>Noveris</em></span> <span class='ocrx_word' id='word_1_378' title='bbox 545 2118 651 2152; x_wconf 60' lang='lat' dir='ltr'><em>etiam,</em></span> <span class='ocrx_word' id='word_1_379' title='bbox 677 2119 761 2159; x_wconf 89' lang='lat' dir='ltr'><em>quod</em></span> <span class='ocrx_word' id='word_1_380' title='bbox 787 2120 845 2150; x_wconf 84' lang='lat' dir='ltr'><em>hec</em></span> <span class='ocrx_word' id='word_1_381' title='bbox 870 2121 930 2151; x_wconf 82' lang='lat' dir='ltr'><em>tria</em></span> <span class='ocrx_word' id='word_1_382' title='bbox 954 2131 1051 2162; x_wconf 83' lang='lat' dir='ltr'><em>regna</em></span> <span class='ocrx_word' id='word_1_383' title='bbox 1076 2122 1107 2152; x_wconf 91' lang='lat' dir='ltr'><em>in</em></span> <span class='ocrx_word' id='word_1_384' title='bbox 1133 2126 1255 2152; x_wconf 82' lang='lat' dir='ltr'><em>tantam</em></span> <span class='ocrx_word' id='word_1_385' title='bbox 1280 2126 1387 2152; x_wconf 85' lang='lat' dir='ltr'><em>nostre</em></span> <span class='ocrx_word' id='word_1_386' title='bbox 1414 2122 1587 2152; x_wconf 87' lang='lat' dir='ltr'><em>voluntatis</em></span> <span class='ocrx_word' id='word_1_387' title='bbox 1614 2125 1644 2152; x_wconf 86' lang='lat' dir='ltr'><em>et</em></span> <span class='ocrx_word' id='word_1_388' title='bbox 1669 2121 1847 2152; x_wconf 86' lang='lat' dir='ltr'><em>dilectionis</em></span> <span class='ocrx_word' id='word_1_389' title='bbox 1868 2121 2025 2151; x_wconf 86' lang='lat' dir='ltr'><em>unitatem</em></span> 
     </span>
     <span class='ocr_line' id='line_1_38' title="bbox 384 2169 2027 2215; baseline 0.002 -17"><span class='ocrx_word' id='word_1_390' title='bbox 384 2169 536 2199; x_wconf 86' lang='lat' dir='ltr'><em>inclinata</em></span> <span class='ocrx_word' id='word_1_391' title='bbox 561 2170 782 2207; x_wconf 79' lang='lat' dir='ltr'><em>firmabuntur,</em></span> <span class='ocrx_word' id='word_1_392' title='bbox 807 2172 889 2213; x_wconf 87' lang='lat' dir='ltr'><em>quod</em></span> <span class='ocrx_word' id='word_1_393' title='bbox 915 2183 955 2203; x_wconf 82' lang='lat' dir='ltr'><em>ex</em></span> <span class='ocrx_word' id='word_1_394' title='bbox 979 2184 1040 2214; x_wconf 89' lang='lat' dir='ltr'><em>quo</em></span> <span class='ocrx_word' id='word_1_395' title='bbox 1066 2174 1202 2215; x_wconf 89' lang='lat' dir='ltr'><em>primum</em></span> <span class='ocrx_word' id='word_1_396' title='bbox 1228 2174 1372 2204; x_wconf 86' lang='lat' dir='ltr'><em>stabilita</em></span> <span class='ocrx_word' id='word_1_397' title='bbox 1397 2174 1535 2211; x_wconf 73' lang='lat' dir='ltr'><em>fuerunt,</em></span> <span class='ocrx_word' id='word_1_398' title='bbox 1562 2183 1724 2214; x_wconf 86' lang='lat' dir='ltr'><em>nunquam</em></span> <span class='ocrx_word' id='word_1_399' title='bbox 1743 2173 1774 2202; x_wconf 90' lang='lat' dir='ltr'><em>in</em></span> <span class='ocrx_word' id='word_1_400' title='bbox 1792 2176 1856 2202; x_wconf 88' lang='lat' dir='ltr'><em>tam</em></span> <span class='ocrx_word' id='word_1_401' title='bbox 1875 2172 2027 2202; x_wconf 88' lang='lat' dir='ltr'><em>concordi</em></span> 
     </span>
     <span class='ocr_line' id='line_1_39' title="bbox 384 2221 2025 2266; baseline 0.002 -16"><span class='ocrx_word' id='word_1_402' title='bbox 384 2231 462 2261; x_wconf 86' lang='lat' dir='ltr'><em>pace</em></span> <span class='ocrx_word' id='word_1_403' title='bbox 493 2221 593 2261; x_wconf 82' lang='lat' dir='ltr'><em>ligata</em></span> <span class='ocrx_word' id='word_1_404' title='bbox 625 2228 820 2254; x_wconf 85' lang='lat' dir='ltr'><em>manserunt.</em></span> <span class='ocrx_word' id='word_1_405' title='bbox 909 2224 958 2255; x_wconf 89' lang='lat' dir='ltr'><em>Dc</em></span> <span class='ocrx_word' id='word_1_406' title='bbox 991 2229 1098 2256; x_wconf 90' lang='lat' dir='ltr'><em>cetero</em></span> <span class='ocrx_word' id='word_1_407' title='bbox 1129 2230 1239 2256; x_wconf 84' lang='lat' dir='ltr'><em>noster</em></span> <span class='ocrx_word' id='word_1_408' title='bbox 1267 2225 1431 2266; x_wconf 80' lang='lat' dir='ltr'><em>predictus</em></span> <span class='ocrx_word' id='word_1_409' title='bbox 1461 2225 1588 2265; x_wconf 81' lang='lat' dir='ltr'><em>legatus</em></span> <span class='ocrx_word' id='word_1_410' title='bbox 1615 2225 1672 2255; x_wconf 89' lang='lat' dir='ltr'><em>hoc</em></span> <span class='ocrx_word' id='word_1_411' title='bbox 1699 2224 1830 2255; x_wconf 90' lang='lat' dir='ltr'><em>verbum</em></span> <span class='ocrx_word' id='word_1_412' title='bbox 1857 2224 2025 2255; x_wconf 83' lang='lat' dir='ltr'><em>electionis</em></span> 
     </span>
     <span class='ocr_line' id='line_1_40' title="bbox 383 2271 2025 2318; baseline 0.002 -17"><span class='ocrx_word' id='word_1_413' title='bbox 383 2271 421 2301; x_wconf 87' lang='lat' dir='ltr'><em>dc</em></span> <span class='ocrx_word' id='word_1_414' title='bbox 446 2272 591 2302; x_wconf 81' lang='lat' dir='ltr'><em>Romano</em></span> <span class='ocrx_word' id='word_1_415' title='bbox 617 2274 765 2314; x_wconf 88' lang='lat' dir='ltr'><em>pontifice</em></span> <span class='ocrx_word' id='word_1_416' title='bbox 789 2275 819 2304; x_wconf 88' lang='lat' dir='ltr'><em>in</em></span> <span class='ocrx_word' id='word_1_417' title='bbox 845 2275 1017 2306; x_wconf 72' lang='lat' dir='ltr'><em>cordibuse</em></span> <span class='ocrx_word' id='word_1_418' title='bbox 1042 2287 1153 2307; x_wconf 89' lang='lat' dir='ltr'><em>eorum</em></span> <span class='ocrx_word' id='word_1_419' title='bbox 1178 2277 1221 2307; x_wconf 84' lang='lat' dir='ltr'><em>ita</em></span> <span class='ocrx_word' id='word_1_420' title='bbox 1245 2277 1393 2313; x_wconf 85' lang='lat' dir='ltr'><em>firmabit,</em></span> <span class='ocrx_word' id='word_1_421' title='bbox 1419 2280 1453 2307; x_wconf 86' lang='lat' dir='ltr'><em>ut</em></span> <span class='ocrx_word' id='word_1_422' title='bbox 1478 2277 1538 2318; x_wconf 84' lang='lat' dir='ltr'><em>ipsi</em></span> <span class='ocrx_word' id='word_1_423' title='bbox 1565 2287 1628 2307; x_wconf 88' lang='lat' dir='ltr'><em>una</em></span> <span class='ocrx_word' id='word_1_424' title='bbox 1653 2276 1819 2306; x_wconf 87' lang='lat' dir='ltr'><em>nobiscum</em></span> <span class='ocrx_word' id='word_1_425' title='bbox 1838 2286 1934 2306; x_wconf 88' lang='lat' dir='ltr'><em>unum</em></span> <span class='ocrx_word' id='word_1_426' title='bbox 1952 2275 2025 2306; x_wconf 90' lang='lat' dir='ltr'><em>inde</em></span> 
     </span>
     <span class='ocr_line' id='line_1_41' title="bbox 384 2324 2025 2369; baseline 0.003 -17"><span class='ocrx_word' id='word_1_427' title='bbox 384 2324 482 2353; x_wconf 84' lang='lat' dir='ltr'><em>velint</em></span> <span class='ocrx_word' id='word_1_428' title='bbox 512 2328 543 2353; x_wconf 85' lang='lat' dir='ltr'><em>et</em></span> <span class='ocrx_word' id='word_1_429' title='bbox 573 2325 707 2365; x_wconf 74' lang='lat' dir='ltr'><em>sapiant,</em></span> <span class='ocrx_word' id='word_1_430' title='bbox 740 2337 799 2356; x_wconf 88' lang='lat' dir='ltr'><em>ncc</em></span> <span class='ocrx_word' id='word_1_431' title='bbox 832 2327 862 2356; x_wconf 89' lang='lat' dir='ltr'><em>in</em></span> <span class='ocrx_word' id='word_1_432' title='bbox 893 2327 1032 2368; x_wconf 84' lang='lat' dir='ltr'><em>aliquam</em></span> <span class='ocrx_word' id='word_1_433' title='bbox 1063 2339 1233 2369; x_wconf 87' lang='lat' dir='ltr'><em>personam</em></span> <span class='ocrx_word' id='word_1_434' title='bbox 1270 2328 1413 2358; x_wconf 82' lang='lat' dir='ltr'><em>favorem</em></span> <span class='ocrx_word' id='word_1_435' title='bbox 1445 2340 1536 2359; x_wconf 88' lang='lat' dir='ltr'><em>suum</em></span> <span class='ocrx_word' id='word_1_436' title='bbox 1568 2332 1631 2359; x_wconf 85' lang='lat' dir='ltr'><em>tam</em></span> <span class='ocrx_word' id='word_1_437' title='bbox 1664 2327 1769 2358; x_wconf 80' lang='lat' dir='ltr'><em>subito</em></span> <span class='ocrx_word' id='word_1_438' title='bbox 1802 2332 1932 2368; x_wconf 63' lang='lat' dir='ltr'><em>ponant,</em></span> <span class='ocrx_word' id='word_1_439' title='bbox 1965 2327 2025 2357; x_wconf 87' lang='lat' dir='ltr'><em>nisi</em></span> 
     </span>
     <span class='ocr_line' id='line_1_42' title="bbox 382 2378 2021 2420; baseline 0.003 -16"><span class='ocrx_word' id='word_1_440' title='bbox 382 2385 475 2415; x_wconf 86' lang='lat' dir='ltr'><em>qnam</em></span> <span class='ocrx_word' id='word_1_441' title='bbox 501 2379 643 2406; x_wconf 85' lang='lat' dir='ltr'><em>nostrum</em></span> <span class='ocrx_word' id='word_1_442' title='bbox 669 2378 763 2407; x_wconf 89' lang='lat' dir='ltr'><em>trium</em></span> <span class='ocrx_word' id='word_1_443' title='bbox 788 2378 901 2408; x_wconf 89' lang='lat' dir='ltr'><em>unicus</em></span> <span class='ocrx_word' id='word_1_444' title='bbox 926 2379 1104 2410; x_wconf 82' lang='lat' dir='ltr'><em>laudaverit</em></span> <span class='ocrx_word' id='word_1_445' title='bbox 1128 2390 1292 2410; x_wconf 82' lang='lat' dir='ltr'><em>assensus.</em></span> <span class='ocrx_word' id='word_1_446' title='bbox 1340 2379 1388 2410; x_wconf 85' lang='lat' dir='ltr'><em>De</em></span> <span class='ocrx_word' id='word_1_447' title='bbox 1414 2380 1462 2410; x_wconf 88' lang='lat' dir='ltr'><em>his</em></span> <span class='ocrx_word' id='word_1_448' title='bbox 1486 2383 1594 2411; x_wconf 88' lang='lat' dir='ltr'><em>autem</em></span> <span class='ocrx_word' id='word_1_449' title='bbox 1618 2379 1764 2410; x_wconf 89' lang='lat' dir='ltr'><em>omnibus</em></span> <span class='ocrx_word' id='word_1_450' title='bbox 1788 2389 1845 2420; x_wconf 88' lang='lat' dir='ltr'><em>per</em></span> <span class='ocrx_word' id='word_1_451' title='bbox 1869 2379 2021 2409; x_wconf 86' lang='lat' dir='ltr'><em>Aleman-</em></span> 
     </span>
    </p>
   </div>
   <div class='ocr_carea' id='block_1_8' title="bbox 380 2478 2023 2556">
    <p class='ocr_par' dir='ltr' id='par_1_9' title="bbox 380 2478 2023 2556">
     <span class='ocr_line' id='line_1_43' title="bbox 486 2478 2023 2515; baseline 0.002 -12"><span class='ocrx_word' id='word_1_452' title='bbox 486 2478 547 2504; x_wconf 72' lang='lat' dir='ltr'><em>lSl.</em></span> <span class='ocrx_word' id='word_1_453' title='bbox 572 2481 595 2506; x_wconf 67' lang='lat' dir='ltr'><em>a)</em></span> <span class='ocrx_word' id='word_1_454' title='bbox 614 2481 701 2504; x_wconf 79' lang='lat' dir='ltr'><em>eadem</em></span> <span class='ocrx_word' id='word_1_455' title='bbox 728 2490 806 2506; x_wconf 77' lang='lat' dir='ltr'><em>mmm</em></span> <span class='ocrx_word' id='word_1_456' title='bbox 834 2483 1031 2514; x_wconf 73' lang='lat' dir='ltr'><em>superscriptum</em></span> <span class='ocrx_word' id='word_1_457' title='bbox 1060 2484 1113 2508; x_wconf 75' lang='lat' dir='ltr'><em>eod.</em></span> <span class='ocrx_word' id='word_1_458' title='bbox 1220 2484 1243 2515; x_wconf 72' lang='lat' dir='ltr'><em>b)</em></span> <span class='ocrx_word' id='word_1_459' title='bbox 1269 2485 1464 2508; x_wconf 79' lang='lat' dir='ltr'><em>tractanbautm·</em></span> <span class='ocrx_word' id='word_1_460' title='bbox 1492 2493 1558 2508; x_wconf 77' lang='lat' dir='ltr'><em>corr.</em></span> <span class='ocrx_word' id='word_1_461' title='bbox 1587 2484 1641 2508; x_wconf 76' lang='lat' dir='ltr'><em>rod.</em></span> <span class='ocrx_word' id='word_1_462' title='bbox 1748 2485 1770 2513; x_wconf 75' lang='lat'><em>0)</em></span> <span class='ocrx_word' id='word_1_463' title='bbox 1795 2483 1943 2514; x_wconf 77' lang='lat' dir='ltr'><em>angelorum</em></span> <span class='ocrx_word' id='word_1_464' title='bbox 1968 2480 2023 2506; x_wconf 80' lang='lat' dir='ltr'><em>cod.</em></span> 
     </span>
     <span class='ocr_line' id='line_1_44' title="bbox 380 2520 1465 2556; baseline 0.006 -11"><span class='ocrx_word' id='word_1_465' title='bbox 380 2520 405 2551; x_wconf 81' lang='lat' dir='ltr'><em>d)</em></span> <span class='ocrx_word' id='word_1_466' title='bbox 425 2523 535 2553; x_wconf 49' lang='lat' dir='ltr'><em>seqnitur</em></span> <span class='ocrx_word' id='word_1_467' title='bbox 554 2524 739 2548; x_wconf 72' lang='lat' dir='ltr'><em>firmamentum</em></span> <span class='ocrx_word' id='word_1_468' title='bbox 759 2526 842 2549; x_wconf 74' lang='lat' dir='ltr'><em>statim</em></span> <span class='ocrx_word' id='word_1_469' title='bbox 862 2526 967 2550; x_wconf 74' lang='lat' dir='ltr'><em>deletum</em></span> <span class='ocrx_word' id='word_1_470' title='bbox 989 2527 1043 2551; x_wconf 80' lang='lat' dir='ltr'><em>cod.</em></span> <span class='ocrx_word' id='word_1_471' title='bbox 1131 2526 1153 2556; x_wconf 76' lang='grc' dir='ltr'><em>θ)</em></span> <span class='ocrx_word' id='word_1_472' title='bbox 1175 2527 1199 2551; x_wconf 89' lang='lat' dir='ltr'><em>in</em></span> <span class='ocrx_word' id='word_1_473' title='bbox 1220 2527 1337 2551; x_wconf 84' lang='lat' dir='ltr'><em>cordibus</em></span> <span class='ocrx_word' id='word_1_474' title='bbox 1357 2527 1392 2551; x_wconf 77' lang='lat' dir='ltr'><em>bis</em></span> <span class='ocrx_word' id='word_1_475' title='bbox 1411 2527 1465 2551; x_wconf 77' lang='lat' dir='ltr'><em>cod.</em></span> 
     </span>
    </p>
   </div>
   <div class='ocr_carea' id='block_1_9' title="bbox 379 2616 2024 2695">
    <p class='ocr_par' dir='ltr' id='par_1_10' title="bbox 379 2616 2024 2695">
     <span class='ocr_line' id='line_1_45' title="bbox 483 2616 2024 2653; baseline 0.003 -13"><span class='ocrx_word' id='word_1_476' title='bbox 483 2618 507 2645; x_wconf 72' lang='lat'><em>1)</em></span> <span class='ocrx_word' id='word_1_477' title='bbox 529 2616 557 2641; x_wconf 93' lang='lat' dir='ltr'><em>V.</em></span> <span class='ocrx_word' id='word_1_478' title='bbox 577 2617 713 2649; x_wconf 70' lang='lat' dir='ltr'><em>epistolam</em></span> <span class='ocrx_word' id='word_1_479' title='bbox 732 2618 854 2643; x_wconf 61' lang='lat' dir='ltr'><em>Heinrioi</em></span> <span class='ocrx_word' id='word_1_480' title='bbox 870 2620 1017 2652; x_wconf 60' lang='lat' dir='ltr'><em>qwacpositi</em></span> <span class='ocrx_word' id='word_1_481' title='bbox 1036 2620 1311 2653; x_wconf 65' lang='lat' dir='ltr'><em>Rorehtesyadnmusis</em></span> <span class='ocrx_word' id='word_1_482' title='bbox 1330 2619 1404 2652; x_wconf 73' lang='lat' dir='ltr'><em>apud</em></span> <span class='ocrx_word' id='word_1_483' title='bbox 1424 2619 1601 2645; x_wconf 72' lang='lat' dir='ltr'><em>Rahewiuum</em></span> <span class='ocrx_word' id='word_1_484' title='bbox 1620 2620 1635 2645; x_wconf 75' lang='lat' dir='ltr'><em>l,</em></span> <span class='ocrx_word' id='word_1_485' title='bbox 1656 2620 1671 2644; x_wconf 90' lang='lat'><em>1</em></span> <span class='ocrx_word' id='word_1_486' title='bbox 1678 2619 1706 2651; x_wconf 90' lang='lat' dir='ltr'><em>V,</em></span> <span class='ocrx_word' id='word_1_487' title='bbox 1726 2627 1746 2645; x_wconf 81' lang='lat' dir='ltr'><em>c.</em></span> <span class='ocrx_word' id='word_1_488' title='bbox 1760 2622 1792 2645; x_wconf 72' lang='lat'><em>82</em></span> <span class='ocrx_word' id='word_1_489' title='bbox 1809 2620 1864 2652; x_wconf 64' lang='lat'><em>(⁵2)</em></span> <span class='ocrx_word' id='word_1_490' title='bbox 1884 2618 1920 2645; x_wconf 75' lang='lat' dir='ltr'><em>ed.</em></span> <span class='ocrx_word' id='word_1_491' title='bbox 1938 2619 2024 2644; x_wconf 31' lang='lat' dir='ltr'><em>IfVarit:</em></span> 
     </span>
     <span class='ocr_line' id='line_1_46' title="bbox 379 2660 2023 2695; baseline 0.002 -11"><span class='ocrx_word' id='word_1_492' title='bbox 379 2666 405 2691; x_wconf 81' lang='lat' dir='ltr'><em>p.</em></span> <span class='ocrx_word' id='word_1_493' title='bbox 421 2661 475 2683; x_wconf 77' lang='lat'><em>270.</em></span> <span class='ocrx_word' id='word_1_494' title='bbox 563 2660 589 2689; x_wconf 71' lang='lat'><em>2)</em></span> <span class='ocrx_word' id='word_1_495' title='bbox 611 2660 734 2692; x_wconf 66' lang='lat' dir='ltr'><em>Emeepta</em></span> <span class='ocrx_word' id='word_1_496' title='bbox 759 2663 845 2685; x_wconf 73' lang='lat' dir='ltr'><em>tamen</em></span> <span class='ocrx_word' id='word_1_497' title='bbox 868 2663 987 2687; x_wconf 77' lang='lat' dir='ltr'><em>oratione</em></span> <span class='ocrx_word' id='word_1_498' title='bbox 1009 2663 1182 2695; x_wconf 76' lang='lat' dir='ltr'><em>imperatoris,</em></span> <span class='ocrx_word' id='word_1_499' title='bbox 1209 2663 1224 2688; x_wconf 80' lang='lat' dir='ltr'><em>l.</em></span> <span class='ocrx_word' id='word_1_500' title='bbox 1240 2663 1288 2693; x_wconf 87' lang='lat' dir='ltr'><em>IV,</em></span> <span class='ocrx_word' id='word_1_501' title='bbox 1308 2671 1328 2688; x_wconf 85' lang='lat' dir='ltr'><em>c.</em></span> <span class='ocrx_word' id='word_1_502' title='bbox 1345 2667 1372 2688; x_wconf 70' lang='lat'><em>74</em></span> <span class='ocrx_word' id='word_1_503' title='bbox 1389 2664 1451 2691; x_wconf 72' lang='lat'><strong><em>(64),</em></strong></span> <span class='ocrx_word' id='word_1_504' title='bbox 1476 2671 1555 2695; x_wconf 75' lang='lat' dir='ltr'><em>quam</em></span> <span class='ocrx_word' id='word_1_505' title='bbox 1574 2662 1651 2687; x_wconf 60' lang='lat' dir='ltr'><em>Pen:</em></span> <span class='ocrx_word' id='word_1_506' title='bbox 1672 2671 1699 2695; x_wconf 83' lang='lat' dir='ltr'><em>p.</em></span> <span class='ocrx_word' id='word_1_507' title='bbox 1716 2666 1758 2687; x_wconf 80' lang='lat'><em>121</em></span> <span class='ocrx_word' id='word_1_508' title='bbox 1778 2662 1854 2687; x_wconf 71' lang='lat' dir='ltr'><em>dedit.</em></span> <span class='ocrx_word' id='word_1_509' title='bbox 1942 2662 1967 2693; x_wconf 86' lang='lat'><em>3)</em></span> <span class='ocrx_word' id='word_1_510' title='bbox 1988 2662 2023 2687; x_wconf 80' lang='lat' dir='ltr'><em>In</em></span> 
     </span>
    </p>
   </div>
   <div class='ocr_carea' id='block_1_10' title="bbox 374 2700 2022 2737">
    <p class='ocr_par' dir='ltr' id='par_1_11' title="bbox 374 2700 2022 2737">
     <span class='ocr_line' id='line_1_47' title="bbox 374 2700 2022 2737; baseline 0.002 -12"><span class='ocrx_word' id='word_1_511' title='bbox 374 2700 460 2725; x_wconf 64' lang='lat' dir='ltr'><em>codiee</em></span> <span class='ocrx_word' id='word_1_512' title='bbox 481 2701 646 2734; x_wconf 63' lang='lat' dir='ltr'><em>Sanfmllensi</em></span> <span class='ocrx_word' id='word_1_513' title='bbox 664 2707 714 2728; x_wconf 71' lang='lat'><em>620</em></span> <span class='ocrx_word' id='word_1_514' title='bbox 731 2711 795 2729; x_wconf 77' lang='lat' dir='ltr'><em>saec,</em></span> <span class='ocrx_word' id='word_1_515' title='bbox 811 2704 879 2730; x_wconf 83' lang='lat' dir='ltr'><em>XII.</em></span> <span class='ocrx_word' id='word_1_516' title='bbox 900 2713 938 2730; x_wconf 70' lang='lat' dir='ltr'><em>eat.</em></span> <span class='ocrx_word' id='word_1_517' title='bbox 954 2713 981 2737; x_wconf 82' lang='lat' dir='ltr'><em>p.</em></span> <span class='ocrx_word' id='word_1_518' title='bbox 995 2709 1041 2731; x_wconf 70' lang='lat'><em>&#39;252</em></span> <span class='ocrx_word' id='word_1_519' title='bbox 1065 2706 1132 2730; x_wconf 73' lang='lat' dir='ltr'><em>[nter</em></span> <span class='ocrx_word' id='word_1_520' title='bbox 1152 2705 1224 2731; x_wconf 74' lang='lat' dir='ltr'><em>Petri</em></span> <span class='ocrx_word' id='word_1_521' title='bbox 1243 2705 1394 2731; x_wconf 69' lang='lat' dir='ltr'><em>Comestoris</em></span> <span class='ocrx_word' id='word_1_522' title='bbox 1415 2705 1563 2730; x_wconf 69' lang='lat' dir='ltr'><em>Historiam</em></span> <span class='ocrx_word' id='word_1_523' title='bbox 1585 2705 1765 2731; x_wconf 67' lang='lat' dir='ltr'><em>scholasticam</em></span> <span class='ocrx_word' id='word_1_524' title='bbox 1789 2707 1812 2730; x_wconf 81' lang='lat' dir='ltr'><em>ct</em></span> <span class='ocrx_word' id='word_1_525' title='bbox 1832 2705 1913 2730; x_wconf 73' lang='lat' dir='ltr'><em>Pauli</em></span> <span class='ocrx_word' id='word_1_526' title='bbox 1931 2705 2022 2730; x_wconf 68' lang='lat' dir='ltr'><em>Histo-</em></span> 
     </span>
    </p>
   </div>
   <div class='ocr_carea' id='block_1_11' title="bbox 378 2744 2023 2822">
    <p class='ocr_par' dir='ltr' id='par_1_12' title="bbox 378 2744 2023 2822">
     <span class='ocr_line' id='line_1_48' title="bbox 378 2744 2023 2781; baseline 0.003 -13"><span class='ocrx_word' id='word_1_527' title='bbox 378 2744 446 2768; x_wconf 75' lang='lat' dir='ltr'><em>riam</em></span> <span class='ocrx_word' id='word_1_528' title='bbox 466 2744 704 2777; x_wconf 66' lang='lat' dir='ltr'><em>Lthgyobardormn</em></span> <span class='ocrx_word' id='word_1_529' title='bbox 725 2746 816 2772; x_wconf 63' lang='lat' dir='ltr'><em>insunt</em></span> <span class='ocrx_word' id='word_1_530' title='bbox 836 2749 967 2773; x_wconf 51' lang='lat' dir='ltr'><em>¹nonnulla</em></span> <span class='ocrx_word' id='word_1_531' title='bbox 984 2757 1052 2781; x_wconf 73' lang='lat' dir='ltr'><em>qnae</em></span> <span class='ocrx_word' id='word_1_532' title='bbox 1071 2749 1108 2774; x_wconf 75' lang='lat' dir='ltr'><em>ad</em></span> <span class='ocrx_word' id='word_1_533' title='bbox 1129 2748 1273 2774; x_wconf 78' lang='lat' dir='ltr'><em>Concilium</em></span> <span class='ocrx_word' id='word_1_534' title='bbox 1294 2748 1425 2781; x_wconf 72' lang='lat' dir='ltr'><em>Pupiense</em></span> <span class='ocrx_word' id='word_1_535' title='bbox 1444 2751 1559 2781; x_wconf 72' lang='lat' dir='ltr'><em>spectum</em></span> <span class='ocrx_word' id='word_1_536' title='bbox 1578 2758 1594 2773; x_wconf 83' lang='lat' dir='ltr'><em>u</em></span> <span class='ocrx_word' id='word_1_537' title='bbox 1608 2749 1628 2774; x_wconf 89' lang='lat' dir='ltr'><em>b.</em></span> <span class='ocrx_word' id='word_1_538' title='bbox 1642 2757 1674 2773; x_wconf 84' lang='lat' dir='ltr'><em>m.</em></span> <span class='ocrx_word' id='word_1_539' title='bbox 1695 2748 1859 2773; x_wconf 72' lang='lat' dir='ltr'><em>Bethmanno</em></span> <span class='ocrx_word' id='word_1_540' title='bbox 1877 2748 2023 2781; x_wconf 75' lang='lat' dir='ltr'><em>(lescrlpta‚·</em></span> 
     </span>
     <span class='ocr_line' id='line_1_49' title="bbox 378 2786 969 2822; baseline 0.008 -11"><span class='ocrx_word' id='word_1_541' title='bbox 378 2786 438 2811; x_wconf 72' lang='lat' dir='ltr'><em>haec</em></span> <span class='ocrx_word' id='word_1_542' title='bbox 457 2790 545 2813; x_wconf 76' lang='lat' dir='ltr'><em>tamen</em></span> <span class='ocrx_word' id='word_1_543' title='bbox 565 2797 577 2813; x_wconf 84' lang='lat' dir='ltr'><em>e</em></span> <span class='ocrx_word' id='word_1_544' title='bbox 597 2788 744 2814; x_wconf 58' lang='lat' dir='ltr'><em>Balnea-ino</em></span> <span class='ocrx_word' id='word_1_545' title='bbox 763 2793 880 2822; x_wconf 58' lang='lat' dir='ltr'><em>&amp;comptu</em></span> <span class='ocrx_word' id='word_1_546' title='bbox 898 2794 969 2817; x_wconf 76' lang='lat' dir='ltr'><em>szmt.</em></span> 
     </span>
    </p>
   </div>
   <div class='ocr_carea' id='block_1_12' title="bbox 2063 837 2086 854">
    <p class='ocr_par' dir='ltr' id='par_1_13' title="bbox 2063 837 2086 854">
     <span class='ocr_line' id='line_1_50' title="bbox 2063 837 2086 854; baseline 0 0"><span class='ocrx_word' id='word_1_547' title='bbox 2063 837 2086 854; x_wconf 87' lang='lat'><em>10</em></span> 
     </span>
    </p>
   </div>
   <div class='ocr_carea' id='block_1_13' title="bbox 2060 1095 2082 1113">
    <p class='ocr_par' dir='ltr' id='par_1_14' title="bbox 2060 1095 2082 1113">
     <span class='ocr_line' id='line_1_51' title="bbox 2060 1095 2082 1113; baseline 0.045 -1"><span class='ocrx_word' id='word_1_548' title='bbox 2060 1095 2082 1113; x_wconf 81' lang='lat'><em>15</em></span> 
     </span>
    </p>
   </div>
   <div class='ocr_carea' id='block_1_14' title="bbox 2059 1352 2084 1370">
    <p class='ocr_par' dir='ltr' id='par_1_15' title="bbox 2059 1352 2084 1370">
     <span class='ocr_line' id='line_1_52' title="bbox 2059 1352 2084 1370; baseline 0 0"><span class='ocrx_word' id='word_1_549' title='bbox 2059 1352 2084 1370; x_wconf 84' lang='lat'><em>20</em></span> 
     </span>
    </p>
   </div>
   <div class='ocr_carea' id='block_1_15' title="bbox 2055 1872 2080 1890">
    <p class='ocr_par' dir='ltr' id='par_1_16' title="bbox 2055 1872 2080 1890">
     <span class='ocr_line' id='line_1_53' title="bbox 2055 1872 2080 1890; baseline 0 0"><span class='ocrx_word' id='word_1_550' title='bbox 2055 1872 2080 1890; x_wconf 88' lang='grc'><em>30</em></span> 
     </span>
    </p>
   </div>
   <div class='ocr_carea' id='block_1_16' title="bbox 2051 2394 2076 2411">
    <p class='ocr_par' dir='ltr' id='par_1_17' title="bbox 2051 2394 2076 2411">
     <span class='ocr_line' id='line_1_54' title="bbox 2051 2394 2076 2411; baseline 0 0"><span class='ocrx_word' id='word_1_551' title='bbox 2051 2394 2076 2411; x_wconf 75' lang='grc'><em>40</em></span> 
     </span>
    </p>
   </div>
   <div class='ocr_carea' id='block_1_17' title="bbox 2049 2712 2072 2730">
    <p class='ocr_par' dir='ltr' id='par_1_18' title="bbox 2049 2712 2072 2730">
     <span class='ocr_line' id='line_1_55' title="bbox 2049 2712 2072 2730; baseline 0.043 -1"><span class='ocrx_word' id='word_1_552' title='bbox 2049 2712 2072 2730; x_wconf 80' lang='lat'><em>45</em></span> 
     </span>
    </p>
   </div>
  </div>
 </body>
</html>
