2205 3072
418 155 478 204 2'72
726 170 911 198 FRIDERICI
930 172 949 197 Ι.
969 170 1290 197 CONSTITUTIONES.
1329 171 1514 197 1150-1176.
1550 170 1598 196 Nr.
1618 170 1675 195 193.
1698 170 1754 196 194.

418 259 514 289 vitam
539 259 765 289 concessimus.
811 257 920 299 Leges
945 258 1030 288 enim
1061 260 1127 289 tam
1152 257 1280 288 divinae
1305 268 1400 299 quam
1427 257 1586 288 humanae
1620 268 1775 288 summam
1802 257 2008 288 clementiam
2031 257 2064 288 in

418 311 561 352 principe
587 309 737 351 semperh
762 320 834 341 esse
859 310 978 341 debere
1004 313 1174 341 testantur.

523 361 692 404 [Preterea
720 365 795 392 tuae
827 361 1005 392 sinceritati
1030 372 1126 403 super
1156 361 1216 392 hoc
1241 360 1326 402 quod
1351 361 1443 391 nobis
1476 361 1681 391 transmisisti
1707 361 1867 392 maximas
1893 364 1924 391 et
1948 360 2062 402 dignas

416 414 541 455 agimus
566 417 684 455 grates,
730 413 780 444 De
805 416 911 444 cetero
937 413 1088 454 quoniam
1112 416 1178 444 tota
1202 413 1342 444 ecclesia
1366 416 1430 443 tam
1449 413 1628 444 Teutonica
1653 423 1747 454 quam
1772 412 1886 444 Italica
1910 423 1967 454 pro
1985 423 2062 443 con-

417 465 572 495 troversia
595 465 762 496 Romanae
788 465 946 496 ecclesiae
972 465 1003 495 in
1028 475 1126 495 unum
1152 465 1272 506 Papiae
1298 468 1495 505 congregata
1513 468 1572 501 est,
1598 475 1746 505 rogamus
1765 468 1797 496 et
1813 465 2005 506 propensius
2029 468 2060 495 te
2103 478 2113 495 5

417 527 593 553 monemus,
623 517 701 547 certi
731 517 827 547 immo
859 517 1029 547 certissimi
1054 516 1093 547 de
1119 520 1173 547 tua
1204 517 1376 547 dilectione
1402 527 1472 547 esse
1499 517 1656 553 volentes.
1688 520 1724 547 ut
1748 516 1899 557 quicquid
1924 517 2064 547 ecclesia

415 572 484 598 tota
508 568 706 602 iudicaverit.
741 571 774 598 tu
799 579 926 609 quoque
952 568 1120 598 nobiscum
1151 572 1261 598 teneas
1286 572 1318 599 et
1342 572 1444 598 ratum
1470 568 1602 599 habeas.
1650 568 1861 599 Orationibus
1887 568 1951 599 tuis
1976 568 2062 609 apud

415 620 520 651 Deum
545 630 601 650 nos
627 618 885 660 coniniendato³.]

417 756 493 789 193.
522 756 747 787 EPISTOLA
772 756 955 787 IMPERA
964 756 1095 788 TORIS
1115 756 1180 787 AI)
1205 756 1334 787 ROMA
1340 756 1451 788 NUM
1469 756 1742 788 EPISCOPUM
1763 757 1791 788 G
1801 756 2061 788 URGENSEM.

1095 811 1220 849 (1160.)
1244 809 1315 840 Ian.
1333 810 1384 839 37.
2092 821 2115 839 ιο

518 868 645 908 Leylitw·
671 868 703 899 in
732 868 830 898 codice
854 868 883 898 V
883 868 1084 899 indobonensi
1108 870 1169 899 629
1189 870 1217 910 f.
1236 870 1286 899 35).
1315 879 1403 907 quem
1431 869 1561 899 cmitnlit
1586 869 1632 898 vir
1655 869 1682 899 d.
1706 868 1802 899 Keltr.
1849 868 1946 898 Adest
1970 868 2062 898 ctiam

415 921 447 950 iu
471 921 568 951 coelico
594 920 826 950 Ilamzorcraw)
851 919 913 950 XI.
932 922 993 950 0¹71
1012 919 1039 960 f.
1056 921 1128 950 429.
1155 939 1194 942 ——-
1219 920 1356 961 Stumpf,
1382 920 1567 959 120516380.
1799 920 1854 959 (P.
1874 920 1959 959 120.)

518 1022 731 1065 F(1·idericus)
761 1023 822 1054 Dei
855 1023 959 1064 gratia
987 1023 1205 1054 Romanorum
1238 1024 1414 1065 imperator
1450 1027 1482 1054 et
1515 1035 1641 1066 semper
1670 1027 1827 1065 augustus
1857 1023 1974 1054 dilecto
2004 1034 2061 1054 suo

414 1074 589 1115 R(omano)
616 1074 774 1105 Gurcensi
799 1075 952 1116 episeopo
978 1076 1114 1115 gratiam
1140 1087 1231 1106 suam
1256 1080 1288 1106 et
1313 1087 1406 1106 omne
1433 1076 1560 1107 bonum.

313 1140 399 1160 ianm.
519 1126 693 1157 Dilectioni
720 1130 794 1157 tuae
819 1127 1001 1167 significare
1026 1127 1158 1168 dignum
1177 1127 1338 1163 duximus.
1364 1128 1448 1169 quod
1467 1127 1616 1158 Cremam
1635 1128 1692 1158 VI.
1711 1128 1784 1160 Kal.
1804 1128 1927 1161 Feb1·.¹.
1952 1128 2059 1158 divina
2090 1144 2111 1162 15

414 1178 505 1209 nobis
531 1179 708 1209 auxiliante
734 1179 879 1211 dextera.
905 1179 1063 1209 devictam
1087 1179 1231 1209 funditus
1256 1179 1490 1217 destruximus.
1517 1180 1561 1211 ita
1585 1184 1692 1211 tamen
1719 1180 1802 1221 quod
1826 1180 2061 1211 habitatoribus

414 1231 478 1260 suis
513 1231 609 1260 vitam
644 1234 767 1261 tantum
803 1230 992 1271 suppliciter
1022 1241 1040 1261 a
1071 1231 1163 1261 nobis
1195 1232 1434 1272 postulantibus
1466 1232 1497 1262 in
1528 1233 1656 1273 propria
1684 1243 1823 1273 persona
1847 1233 2062 1274 pepercimus,

413 1281 506 1317 Quod
532 1283 605 1323 quia
630 1282 686 1312 tibi
712 1286 838 1322 gratum
864 1293 936 1313 esse
956 1282 1176 1313 indubitanter
1193 1283 1320 1319 scimus,
1348 1283 1536 1314 mandamus
1555 1284 1612 1314 tibi
1639 1294 1733 1325 quam
1759 1284 1868 1315 intime
1896 1287 2059 1325 rogantes,

413 1337 570 1374 quatenus
608 1345 672 1364 una
704 1334 870 1364 nobiscum
904 1334 1115 1375 omnipotenti
1145 1334 1215 1365 Deo
1246 1338 1353 1375 grates
1385 1335 1560 1376 condignas
1593 1346 1670 1377 agas
1703 1340 1749 1372 et,
1784 1339 1818 1366 ut
1848 1336 1887 1371 is.
1924 1336 1978 1377 qui
2007 1336 2062 1366 dat

413 1386 550 1416 salutem
583 1386 729 1427 regibus,
759 1386 900 1416 hostium
931 1386 1097 1417 victoriam
1129 1387 1222 1417 nobis
1253 1387 1371 1417 tribuat
1395 1387 1605 1420 incessanter.
1636 1388 1800 1429 implores.
1847 1388 2003 1419 Preterea
2027 1391 2059 1419 te
2088 1404 2112 1420 ευ

414 1437 494 1467 seire
520 1437 677 1471 volumus.
703 1437 787 1478 quod
812 1438 842 1467 in
868 1438 1015 1468 omnibus
1033 1438 1275 1479 gravaminibus
1294 1442 1326 1469 et
1344 1438 1596 1470 adversitatibus
1615 1440 1677 1470 tuis
1697 1440 1754 1470 tibi
1773 1443 1925 1480 tanquam
1944 1439 2061 1470 dilecto

412 1499 448 1519 ac
474 1489 561 1520 fideli
586 1493 695 1520 nostro
721 1489 929 1519 condolemus
961 1494 992 1520 et
1017 1491 1048 1520 in
1073 1489 1177 1521 reditu
1203 1494 1327 1524 nostro,
1359 1491 1423 1521 vita
1448 1491 1582 1524 comite,
1619 1491 1725 1521 onmia
1754 1491 1840 1521 mala
1863 1491 1922 1522 tibi
1947 1491 2061 1522 adver-

413 1542 519 1571 santia
544 1540 658 1571 sedare
683 1541 891 1572 intendimus.

516 1592 600 1622 Data
625 1592 655 1622 in
681 1592 843 1634 triumpho
869 1592 1006 1624 Cremae
1032 1592 1089 1626 VI.
1115 1593 1188 1624 Kal.
1214 1593 1312 1627 Febr.

653 1908 747 1959 194.
791 1906 1283 1960 SENTENTIA
1325 1908 1434 1961 DE
1476 1908 1823 1962 MONETA
2087 1937 2111 1956 2⁵

576 1983 927 2049 ABSQUE
973 1984 1426 2039 LICENTIA
1473 1987 1895 2041 EPISGOPI

913 2062 1088 2115 NON
1131 2063 1559 2118 OUDENDA.

1106 2157 1202 2192 1160
1221 2178 1253 2181 —
1275 2157 1381 2192 1176.

515 2263 694 2302 Repetinms
735 2265 896 2295 editionem
934 2266 1133 2297 novissimam
1168 2267 1230 2296 viri
1272 2267 1306 2297 cl.
1343 2267 1485 2298 Schmidt
1518 2268 1781 2300 ΔΓΠνῖεειηιῐσηῘΛιθῘι
1824 2269 1878 2299 dcr
1912 2267 2058 2307 Bischt‘ife

414 2325 469 2345 von
498 2316 710 2347 Ηιιῐὸενεΐαᾶί7
734 2317 760 2353 Ι,
782 2328 812 2355 p.
830 2318 893 2347 241
922 2327 970 2349 nr.
987 2319 1059 2355 280,
1091 2328 1169 2357 quac
1197 2320 1230 2348 sut
1262 2319 1323 2349 iam
1348 2320 1477 2358 prfflres,
1514 2320 1671 2351 chartario
1701 2321 1894 2361 episcopatus
1925 2319 2059 2351 Halber-
2086 2332 2111 2351 30

411 2367 566 2397 stadensis
589 2368 650 2397 cod.
669 2370 709 2397 60
732 2378 809 2399 saec.
828 2369 884 2399 XI
889 2369 921 2400 V.
944 2369 970 2410 f.
990 2370 1029 2399 19
1055 2369 1088 2399 in
1112 2369 1292 2400 Bibliotheca
1313 2372 1471 2410 qynmusz'i.
1493 2374 1651 2402 asservato
1674 2382 1733 2402 usa
1757 2374 1809 2409 «est,
1832 2372 1885 2402 abi.
1908 2372 2059 2402 ‘insertum

411 2421 454 2448 est
479 2419 660 2450 mamlatmn
685 2422 874 2451 transsumto
897 2421 1002 2460 Adolsi
1027 2421 1107 2459 roais
1129 2421 1201 2452 dato
1225 2432 1255 2454 (ι.
1273 2424 1355 2453 1295
1379 2423 1450 2454 Ian.
1469 2424 1496 2453 Ω.
1523 2442 1560 2446 -—
1587 2423 1724 2464 Stampf,
1750 2424 1822 2463 Req.
1838 2424 1932 2453 4558.

1738 2476 1790 2516 (P.
1807 2476 1912 2515 deest.)

515 2539 707 2571 Fredericus
732 2541 794 2572 Dei
818 2542 922 2581 gratia
946 2541 1164 2573 Romanorum
1190 2543 1366 2584 imperator
1390 2548 1421 2575 et
1446 2556 1574 2587 semper
1598 2548 1754 2587 augustus
1779 2544 1929 2575 omnibus
1954 2544 2053 2575 bene-

412 2590 542 2627 ficiatis,
574 2592 838 2624 ministerialibus
871 2597 903 2624 et
934 2594 1052 2624 ceteris
1082 2594 1232 2625 fidelibus
1263 2596 1294 2625 in
1328 2597 1539 2638 epischopatu
1568 2597 1841 2628 Halberstadensi
1872 2596 2053 2627 constitutis
2082 2606 2105 2625 ³5

411 2642 548 2682 gratiam
573 2654 662 2674 suam
688 2648 720 2675 et
744 2656 838 2676 omne
864 2645 994 2676 bonum.

516 2728 577 2753 192.
602 2728 627 2761 h)
647 2739 772 2755 summam
791 2740 891 2763 semper
910 2732 939 2755 el.
960 2732 985 2756 in
1005 2733 1118 2765 principe
1137 2733 1167 2757 B.
1184 2734 1209 2757 (Ι.
1298 2734 1316 2761 ἰ’)
1336 2737 1525 2761 commendatos
1542 2736 1568 2759 V.
1584 2736 1617 2760 Η.

516 2805 540 2837 1)
560 2805 683 2831 Eundem.
703 2806 770 2832 diem
785 2807 892 2840 praebet
912 2807 1073 2834 Ralzewinus
1091 2809 1106 2834 I.
1122 2809 1141 2833 I
1147 2809 1174 2841 V,
1194 2818 1214 2835 c.
1231 2814 1259 2835 72
1272 2812 1334 2843 (62).
