2205 3072
106 855 129 873 in

107 1118 128 1135 15

524 166 707 193 FRIDERICI
726 167 744 192 Ι.
765 165 1088 193 CONSTITUTIONES.
1126 167 1200 193 1159.
1236 167 1283 193 Nr.
1300 168 1353 193 180.
1376 168 1430 194 181.
1734 169 1791 198 251

160 258 191 286 et
214 254 378 285 maturiori
403 265 502 295 egens
528 255 672 286 consilio.
723 254 804 284 Nam
836 265 908 284 cum
933 254 1040 285 divina
1064 253 1261 285 ordinatione
1292 264 1352 295 ego
1378 254 1543 285 Romanus
1567 254 1741 296 imperator
1764 256 1797 284 et

158 307 246 337 dicar
270 310 301 337 et·
326 307 394 341 sim,
420 307 561 348 speciem
586 310 709 337 tantum
735 305 927 336 dominantis
953 306 1072 346 effingo
1097 309 1129 336 et
1152 306 1247 336 inane
1272 306 1381 346 utique
1405 309 1496 346 porto
1521 316 1637 337 nornen
1662 316 1698 336 ac
1724 305 1793 335 sine

158 369 201 395 re,
226 358 253 388 si
276 357 364 388 urbis
389 357 510 389 Romae
534 358 573 389 de
598 369 693 388 manu
718 360 828 388 nostra
852 360 996 399 potestas
1021 357 1115 387 fuerit
1139 367 1288 388 excussa.

195 501 270 534 180.
296 502 522 534 EPISTOLA
546 501 869 534 IMPERATORIS
891 501 956 532 AD
979 501 1317 534 EBERHARDUM
1337 499 1761 534 ARGHIEPISCOPUM

768 553 916 585 SALZB
924 553 953 584 U
952 553 983 584 R
988 553 1181 585 GENSEM
1182 577 1188 584 .

257 615 386 655 Lcyc'tm·
410 614 443 645 in
463 614 566 645 Gestis
582 614 739 645 Fridcricess
763 614 781 645 Z.
798 614 819 644 I
824 612 856 651 Γ,
881 623 903 644 e.
921 615 962 643 30·
978 614 1049 653 (31)
1073 613 1117 644 cd.
1138 613 1240 645 Waitx
1259 623 1289 652 p.
1307 614 1378 645 221.
1396 632 1437 636 —
1454 612 1591 654 Stmnpf,
1609 612 1684 652 Ray.
1700 612 1793 644 3853,

1534 664 1586 705 (P.
1604 666 1691 702 115.)

258 744 416 780 Quoniam
447 743 575 784 quidem
608 742 773 773 fidelitatis
805 746 879 774 tuae
910 743 1138 781 constantiam,
1170 753 1264 784 quam
1297 753 1353 784 pro
1378 742 1610 774 consuetudine
1636 741 1791 772 exhibere

158 797 241 827 soles
272 797 420 838 imperio,
450 796 638 836 frequenter
666 795 791 836 experti
821 806 942 831 sumus,
975 805 1056 835 quae
1085 798 1163 836 aput
1190 806 1248 825 nos
1279 799 1353 825 sunt
1383 795 1568 825 discretioni
1594 798 1668 824 tuae
1693 794 1791 834 signi-

157 849 288 880 ficamus
325 852 356 879 et
390 847 579 889 prudentiae
618 850 691 877 tuae
729 847 894 877 consilium
925 846 1129 877 advocamus.
1177 846 1343 877 Venerunt
1374 847 1532 888 siquidem
1570 846 1610 876 ad
1641 856 1699 876 nos
1731 845 1793 875 duo

156 901 355 932 cardinales¹
387 911 405 930 a
436 910 520 941 papa
549 899 637 929 missi
668 898 707 929 ad
739 898 806 933 hoc,
840 902 874 929 ut
905 899 988 929 inter
1021 909 1077 929 nos
1112 902 1143 929 et
1174 899 1263 928 illum
1288 899 1379 929 fleret
1404 898 1584 929 concordia.
1630 897 1793 927 Dixerunt

155 953 262 994 igitur,
293 952 376 993 quod
400 956 504 992 papan
527 951 615 981 illam
640 950 815 991 requireret
843 960 955 991 pacem
980 953 1076 990 atque
1102 949 1305 980 concordiam
1329 960 1411 990 quae
1436 951 1518 980 inter
1541 959 1658 990 papam
1680 948 1789 989 Euge-

155 1005 241 1035 nium
272 1008 305 1035 et
334 1014 392 1034 nos
424 1003 509 1033 facta
538 1002 643 1033 fuerat
667 1005 698 1032 et
722 1002 873 1042 scripta?
919 1001 984 1031 Nos
1008 1001 1244 1042 respondimus,
1279 1001 1363 1043 quod
1395 1011 1506 1042 pacem
1532 999 1661 1042 quidem
1685 1000 1789 1030 invio-

155 1056 295 1087 labiliter
318 1055 379 1086 huc
403 1065 505 1096 usque
530 1055 756 1091 tenuissemus,
780 1053 820 1084 de
845 1057 972 1084 caetero
996 1058 1105 1084 autem
1131 1064 1234 1095 neque
1260 1064 1330 1084 eam
1355 1057 1466 1084 tenere
1492 1063 1595 1094 neque
1622 1063 1660 1083 ea
1682 1051 1787 1082 teneri

156 1108 322 1143 vellemus,
352 1107 501 1148 quoniam
526 1106 593 1147 ipse
618 1106 704 1146 prior
728 1116 799 1136 eam
825 1105 978 1135 violasset
1002 1106 1033 1135 in
1058 1105 1176 1143 Siculo,
1210 1105 1260 1136 cui
1284 1106 1353 1147 ipse
1378 1105 1446 1136 sine
1471 1105 1561 1135 nobis
1586 1103 1788 1134 reconciliari

155 1171 217 1191 nou
247 1159 422 1190 debuisset.
475 1157 660 1188 Adiecimus
696 1161 819 1191 tamen,
855 1157 939 1198 quod
973 1167 1100 1187 omnem
1133 1157 1293 1187 iusticiam
1329 1157 1405 1187 dare
1442 1160 1473 1187 et
1508 1156 1654 1197 accipere
1684 1155 1789 1196 parati

155 1222 299 1242 essemus
324 1211 389 1241 sive
413 1209 588 1240 secundum
613 1209 752 1239 humana
776 1209 843 1239 sive
869 1208 1044 1239 secundum
1070 1209 1189 1250 scripta
1213 1208 1328 1240 divina.
1377 1208 1411 1239 Si
1436 1218 1511 1238 vero
1536 1207 1663 1238 iusticia
1679 1205 1786 1247 gravis

154 1263 330 1301 videretur,
360 1262 491 1293 consilio
523 1261 702 1302 principum
731 1264 763 1291 et
790 1260 1026 1301 relligiosorum
1055 1260 1214 1291 virorumb
1244 1272 1301 1302 pro
1333 1271 1442 1291 amore
1468 1260 1529 1290 Dei
1555 1263 1586 1290 et
1611 1258 1789 1289 aecclesiae

154 1315 291 1346 libenter
319 1325 376 1345 nos
408 1324 674 1356 supponeremus.
725 1313 852 1343 Placuit
877 1313 1008 1343 verbum
1039 1316 1181 1343 nostrum
1211 1312 1438 1343 cardinalibus.
1485 1311 1647 1342 Dixerunt
1672 1314 1789 1347 tamen,

157 1367 215 1397 nisi
238 1367 325 1408 prius
355 1367 481 1406 cognita
510 1376 613 1407 papae
638 1365 803 1395 voluntate
828 1375 925 1406 super
953 1364 1011 1394 hoc
1036 1375 1070 1395 se
1094 1365 1137 1395 nil
1162 1375 1257 1406 posse
1282 1365 1333 1395 vel
1358 1364 1485 1395 audere.
1533 1363 1642 1393 Missis
1667 1362 1791 1392 nunciis

154 1419 285 1450 verbum
314 1421 458 1449 nostrum
488 1417 639 1458 cognovit
666 1427 750 1458 papa
781 1416 1007 1457 mandavitque
1039 1416 1123 1446 sicut
1155 1416 1258 1457 prius,
1290 1416 1385 1446 aliam
1418 1426 1451 1446 se
1478 1415 1562 1445 nolle
1588 1413 1790 1445 concordiam

154 1481 245 1512 quam
278 1470 363 1501 illam
396 1480 478 1511 quae
508 1469 590 1498 inter
619 1478 733 1509 papam
760 1467 940 1508 Eugenium
971 1470 1003 1497 et
1027 1478 1085 1497 nos
1110 1468 1195 1498 facta
1219 1468 1344 1498 suisset.
1392 1467 1459 1497 Nos
1485 1465 1671 1507 supradicto
1696 1465 1790 1495 modo

155 1523 211 1553 hoc
243 1521 461 1552 recusavimus
486 1524 517 1550 et
542 1520 572 1549 in
602 1520 766 1560 presentia
791 1523 822 1549 et
847 1519 926 1549 sul)b
952 1519 1134 1549 testimonio
1160 1519 1301 1549 omnium
1326 1518 1578 1550 Teutonieorum
1603 1521 1635 1548 et
1659 1517 1789 1558 Longo-

154 1573 338 1610 bardorum,
373 1573 598 1614 episcoporum
637 1575 668 1601 et
700 1571 853 1601 laicorum
886 1571 1065 1612 principum
1100 1574 1131 1601 et
1159 1570 1314 1601 baronum
1347 1574 1378 1600 et
1409 1580 1628 1607 vavassorum,
1664 1579 1789 1599 0111110111

105 1636 128 1654 25·
156 1626 312 1656 iusticiam
341 1629 455 1666 atque⁰
485 1624 652 1654 consilium
685 1623 874 1659 obtulimus,
910 1622 966 1653 ut‘l
996 1626 1028 1653 et
1058 1633 1115 1653 nos
1146 1623 1366 1664 acciperemus
1398 1621 1569 1652 iusticiam.
1616 1620 1790 1651 Presentes

103 1894 127 1911 30

103 2517 125 2533 :53

153 1677 267 1708 ibidem
299 1678 388 1708 fuere
418 1677 636 1707 Romanorum
670 1675 786 1705 civium
821 1675 933 1715 legati,
966 1675 1018 1715 qui
1050 1685 1121 1704 011111
1153 1674 1373 1715 indignatione
1398 1674 1597 1704 mirabantur
1621 1683 1719 1714 super
1744 1672 1792 1702 his

153 1739 232 1770 quae
257 1729 436 1760 audierunt.
483 1727 648 1758 Mandavit
673 1727 754 1757 enim
781 1737 865 1768 papa
889 1737 970 1756 nova
995 1730 1027 1757 et
1057 1726 1167 1767 gravia
1192 1730 1224 1756 et
1248 1736 1422 1766 numquam
1447 1725 1534 1766 prius
1560 1724 1680 1761 audita,
1713 1734 1794 1764 quae

153 1781 221 1811 sine
246 1781 378 1811 consilio
402 1783 456 1810 tuo
481 1783 512 1810 et
536 1780 671 1809 aliorum
696 1778 837 1809 fidelium
863 1779 988 1819 imperii
1014 1779 1200 1820 pertractari
1226 1789 1287 1808 11011
1313 1781 1458 1819 possunt.
1499 1777 1588 1807 Haec
1606 1776 1791 1807 discretioni

153 1835 226 1863 tuae
257 1831 575 1867 communicavimus,
607 1835 640 1861 ut
671 1831 696 1860 si
729 1841 791 1871 qua
820 1830 875 1860 tibi
908 1840 1003 1870 super
1035 1830 1082 1860 his
1107 1830 1312 1867 occurrerint,
1347 1840 1441 1860 110550
1466 1830 1636 1859 veritatem
1661 1838 1724 1858 non
1751 1828 1792 1857 sit

155 1883 275 1915 inutile.
322 1884 487 1925 Rogamus
519 1884 615 1913 etiam
645 1886 690 1921 ut,
721 1883 746 1912 51
772 1893 906 1913 necesse
930 1882 1027 1912 fuerit
1060 1886 1091 1912 01
1116 1892 1173 1912 1105
1198 1881 1256 1912 tibi
1282 1881 1557 1917 mandaverimus,
1590 1880 1628 1910 ad
1654 1890 1711 1910 1105
1735 1889 1792 1920 pro

153 1938 241 1965 tanto
267 1936 400 1977 negocio
425 1936 534 1966 venire
560 1946 622 1965 non
648 1935 790 1965 differas.

360 2259 581 2309 ishun).
624 2255 786 2308 (1οΝ
805 2256 1118 2309 CILIUM
1158 2254 1592 2308 PAPIENSE.

655 2350 762 2384 1159.
792 2350 891 2394 Sept.
918 2350 1024 2385 115.-
1054 2350 1160 2385 1160.
1183 2350 1288 2385 Febr.

255 2450 422 2480 Hadriano
446 2450 504 2480 11'.
530 2449 676 2487 pontifice
699 2460 726 2479 (ι.
747 2450 838 2480 1159.
864 2450 946 2488 Sept.
966 2452 983 2479 1
1007 2452 1132 2485 mortno,
1157 2450 1297 2485 schisma,
1322 2448 1402 2488 quod
1426 2449 1505 2478 inter
1528 2447 1704 2478 cardinales
1728 2446 1790 2476 Ro-

154 2512 263 2532 mamne
286 2502 425 2532 ecclesiae.
448 2501 612 2537 oriebatur,
644 2501 809 2539 [uqa-rator
831 2501 976 2532 «lirinense
999 2504 1126 2532 conatus
1150 2504 1193 2531 cst
1210 2512 1269 2540 per
1292 2500 1451 2541 synodum,
1475 2510 1567 2538 qnam
1587 2499 1725 2538 primum
1749 2498 1791 2527 ad

152 2553 231 2583 diem
264 2555 313 2585 13.
330 2554 404 2584 Ian.
434 2563 463 2584 a.
488 2554 570 2582 11οὈ
599 2552 734 2591 Papiam
763 2554 950 2590 eom-ocavit,
982 2553 1090 2584 ‹leimlc
1113 2555 1241 2593 propter
1274 2552 1459 2583 ohsidionmn
1487 2551 1611 2581 Cromna
1641 2550 1682 2580 ml
1711 2549 1789 2579 ilioni

255 2655 317 2682 150.
337 2657 361 2688 a)
381 2661 482 2689 propter
500 2657 524 2681 B
538 2656 560 2681 1.
574 2656 597 2680 2.
685 2656 709 2687 ¹³)
728 2657 795 2681 deest
810 2658 834 2681 U.
923 2662 946 2687 e)
966 2658 1018 2682 sive
1038 2657 1068 2682 B.
1086 2657 1130 2682 ΖΓ.
1219 2655 1243 2686 ¹¹)
1262 2660 1286 2681 et
1305 2660 1333 2680 ut
1353 2656 1377 2679 C.

255 2751 279 2779 1)
303 2750 466 2776 (mistrianus
479 2750 613 2783 presbyter
627 2750 699 2775 titali
714 2750 828 2775 §Unctae
844 2751 972 2775 caeciliae
989 2753 1010 2775 ct
1030 2751 1177 2776 IViihcimus
1194 2750 1326 2783 presbyter
1340 2749 1408 2773 [itali
1422 2747 1513 2772 [81111011
1529 2747 1601 2771 Petri
1614 2746 1649 2770 ml
1669 2746 1789 2771 Vincula.

151 2794 177 2825 2)
199 2792 368 2819 Constantine
385 2802 409 2819 a.
425 2796 482 2819 1153
503 2802 522 2819 r.
541 2801 625 2826 supra
643 2800 685 2819 νιν,
699 2796 754 2818 145.

1536 2835 1589 2862 32*
