2205 3072
330 169 408 200 36ξῇ
699 168 877 194 FfflDEfflCI
898 168 916 193 1.
936 167 1256 194 CONSTITUTIONES.
1297 167 1368 193 1177.
1407 167 1452 193 Nr.
1466 168 1524 193 266.
1541 167 1599 193 267.

330 255 488 285 Doininici
513 255 551 285 dc
569 255 652 285 Brici
678 254 858 296 patriarche
884 254 922 285 de
942 254 1100 296 Aquileia.
1126 254 1244 284 domini
1262 253 1442 294 patriarche
1461 253 1499 284 dc
1517 253 1625 284 Grado
1635 259 1657 290 Θ,
1682 253 1826 295 episcopi
1844 253 1965 285 Paduc.

331 307 484 337 Iohannis
510 307 652 348 episcopi
670 306 812 342 Mantue.
838 307 982 348 episcopi
1000 306 1135 343 Brixies‚
1161 305 1302 346 episcopi
1327 305 1437 346 Papic⁷
1463 304 1582 335 domini
1600 304 1805 335 Albericonis
1824 305 1965 346 episcopi

330 358 368 389 (lc
395 358 508 398 Regio.
539 358 656 388 domini
682 358 834 388 Bonifatii
860 358 1001 399 episcopi
1026 357 1065 388 de
1090 357 1240 393 Novaria,
1271 356 1389 386 domini
1416 355 1512 387 Wale
1538 356 1679 397 episcopi
1704 356 1743 387 de
1768 356 1862 397 Aqui.
1896 356 1962 397 epi-

331 411 419 451 scopi
448 410 487 440 de
517 409 666 440 Taurino.
700 410 794 440 electi
824 409 862 440 de
891 409 983 447 Aste,
1017 409 1161 450 episcopi
1191 408 1230 439 de
1262 408 1420 443 Ramene.
1454 408 1596 448 episcopi
1624 407 1804 444 Placentie.
1837 407 1965 438 Oderici

331 462 473 503 episcopi
503 461 542 491 de
567 461 746 498 Teruisiozn
778 461 922 502 episcopi
952 460 991 491 de
1017 460 1177 497 Genetha..
1208 459 1328 489 domini
1355 458 1535 490 Salomonis
1566 459 1708 501 episcopi
1737 459 1776 490 de
1801 459 1964 495 Tridento,
2006 471 2016 487 ε»

332 513 463 544 Grundc
483 512 521 543 de
539 512 670 543 Verona
687 515 719 543 et
735 512 867 542 Henrici
885 511 923 542 de
941 511 1081 542 Aicarda
1099 516 1130 542 et
1147 511 1283 541 aliorum
1299 511 1484 546 multorum.
1510 521 1615 541 coram
1632 510 1761 541 domino
1779 510 1966 541 Alexandro

330 567 440 594 sancte
470 564 616 594 Romane
645 564 784 594 ecclesie
815 574 939 594 summo
969 563 1131 604 pontifice.
1163 572 1267 593 comes
1292 562 1453 592 Henricus
1486 561 1524 592 de
1550 561 1627 599 Des.
1658 566 1808 603 presente
1838 562 1965 593 domino

330 615 501 646 Fredcrico
531 615 750 646 Romanorum
782 616 975 656 imperatore
1007 618 1038 645 et
1070 615 1138 645 eius
1164 614 1273 646 verbo.
1303 614 1419 643 iuravit
1444 613 1474 643 in
1499 613 1606 644 anima
1631 614 1849 655 imperatoris:
1882 613 1966 654 quod

330 666 476 697 dominus
506 668 574 708 ipse
605 668 778 708 imperator
808 667 994 698 observabit
1023 665 1193 707 treugamh
1218 665 1410 696 Lombardis
1441 666 1565 696 cunctis
1591 669 1623 696 et
1647 666 1794 696 omnibus
1818 666 1966 707 personis

330 719 369 749 de
388 719 549 749 Societate
566 719 771 757 Lombardie,
789 718 931 749 Marchie
951 722 982 749 et
998 718 1211 758 Romagnole,
1236 717 1409 747 secundum
1428 716 1511 758 quod
1529 716 1709 747 ordinatum
1727 721 1759 748 et
1776 717 1964 758 dispositum
1995 728 2018 746 ω

331 774 380 800 cst
404 781 422 800 a.
446 770 678 801 mediatoribus
703 771 870 812 utriusque
895 771 995 811 partis
1021 774 1053 800 ct
1077 769 1251 800 secundum
1277 768 1361 810 quod
1388 769 1570 799 continetur
1594 770 1626 799 in
1651 770 1769 811 scripto
1787 769 1871 810 quod
1889 771 1968 810 aput

331 822 510 853 cardinales
541 822 603 853 esti
634 826 665 853 et
695 822 779 863 apud
804 822 1004 853 Lombardos
1029 821 1060 851 in
1085 820 1264 858 concordia,
1296 824 1387 850 tenor
1411 820 1502 851 cuius
1527 821 1636 862 scripti
1661 821 1809 862 superius
1835 821 1966 861 legitur:

330 877 361 904 ct
385 874 468 914 quod
494 874 576 904 bona
600 873 662 904 fide
687 873 778 904 daret
802 884 941 915 operam.
966 877 1001 903 ut
1024 873 1069 903 ita
1094 872 1271 903 secundum
1297 871 1379 912 quod
1405 872 1435 901 in
1461 882 1498 902 eo
1518 872 1633 913 scripto
1651 873 1832 903 continetur
1854 875 1968 912 treuga

330 925 529 956 attendatur:
556 930 587 955 ct
604 925 688 966 quod
706 926 828 956 faceret
845 925 1005 966 principes
1022 925 1224 956 Alainannie.
1243 924 1295 964 qui
1313 934 1383 953 cum
1403 933 1439 953 eo
1457 927 1539 957 sunt.
1562 924 1666 954 iurare
1683 924 1771 954 illam
1788 927 1932 964 treugam
1942 922 1966 954 ¹¹.

330 981 423 1017 prout
453 980 608 1007 statutum
642 981 700 1008 cst.
737 981 859 1009 tenere.
893 979 924 1006 et
954 976 1054 1006 filiuni
1087 986 1179 1006 suuni
1214 975 1389 1006 Henricum
1422 985 1529 1015 regem
1563 979 1595 1006 et
1627 975 1771 1006 homines
1803 975 1964 1006 civitatum
1996 985 2017 1002 15·

330 1028 524 1059 Lonibardie
549 1032 581 1059 et
606 1029 695 1065 alios,
720 1028 772 1069 qui
799 1032 872 1058 sunt
896 1029 926 1058 in
952 1028 1021 1058 eius
1046 1032 1135 1069 parte
1161 1027 1199 1058 de
1224 1027 1367 1068 partibus
1386 1026 1589 1063 Lombardie.
1614 1027 1711 1057 faciet
1734 1027 1839 1057 iurare
1864 1026 1967 1067 ipsam

330 1080 497 1121 treugamh
522 1080 656 1117 firmam,
688 1084 780 1122 prout
808 1081 839 1110 in
864 1090 901 1110 eo
926 1080 1044 1120 scripto
1070 1083 1203 1120 treuguc
1229 1079 1418 1113 continetur,
1451 1078 1596 1110 tenerek:
1631 1084 1663 1110 et
1687 1079 1771 1120 quod
1795 1079 1879 1109 bona
1903 1077 1966 1108 fide

330 1131 452 1162 dabunt
482 1142 622 1173 operam.
653 1135 687 1162 ut
717 1136 888 1162 teneantur
920 1131 1001 1161 infra
1032 1131 1090 1161 hos
1115 1131 1174 1161 XL
1199 1131 1276 1165 dies.
1309 1131 1368 1160 nisi
1393 1130 1565 1161 concordia
1590 1134 1750 1161 rectorum
1774 1129 1967 1161 Lombardie

330 1184 535 1215 remanserit.
570 1179 731 1225 parabola'
758 1183 910 1214 videlicet
942 1183 1153 1213 communiter
1188 1181 1271 1212 data.
1368 1182 1524 1212 Preterea
1563 1182 1709 1212 dominus
1733 1181 1968 1212 Wieomannus

331 1235 623 1276 Madcnburgcnsis
649 1235 920 1276 archiepiscopus.
945 1234 1092 1265 dominus
1120 1234 1288 1275 Philippus
1313 1233 1575 1275 archiepiscopus
1593 1232 1739 1267 Colonie,
1765 1232 1966 1263 Christianus

332 1287 555 1328 Mag-untensis
577 1287 861 1327 archiepiscopus.
895 1285 1058 1316 Arnoldus
1084 1285 1309 1316 Treuerensis¹
1330 1285 1619 1326 archiepiscopus.
1654 1284 1820 1316 Conradus
1845 1285 1968 1315 electus

331 1337 524 1373 Warmasie.
550 1337 749 1368 Gottifredus
774 1338 950 1379 imperialis
975 1337 1048 1367 aule
1073 1337 1304 1368 cancellarius¹
1330 1337 1474 1366 iurarunt
1498 1337 1718 1377 unusquisque
1735 1347 1793 1377 per
1810 1347 1854 1373 se.
1880 1336 1964 1366 bona

330 1390 392 1420 fide
418 1391 563 1431 optinere
588 1390 756 1430 treugamh
781 1390 928 1420 omnibus
953 1389 991 1419 de
1010 1389 1170 1419 Societate
1189 1388 1394 1427 Lombardie,
1420 1388 1563 1419 Marchie
1584 1392 1615 1419 et
1633 1388 1845 1429 Romagnole.
1871 1392 1967 1429 prout

330 1453 387 1483 per
410 1442 601 1473 mediatores
627 1442 792 1483 utriusque
817 1442 915 1483 partis
940 1441 1120 1472 ordinatum
1145 1445 1193 1471 est
1218 1444 1250 1471 et
1275 1442 1306 1471 in
1331 1442 1450 1482 scripto
1482 1440 1566 1481 quod
1592 1444 1670 1481 aput
1693 1439 1894 1471 Lombardos
1920 1443 1969 1470 est

1995 1248 2019 1264 20

329 1498 360 1524 et
385 1493 470 1535 apud
500 1494 679 1524 cardinales
705 1494 900 1527 continetur.
932 1497 1025 1524 tenor
1049 1494 1138 1523 cuius
1164 1493 1272 1534 scripti
1298 1492 1446 1534 superius
1472 1492 1600 1533 legitur.
1632 1495 1663 1522 et
1691 1492 1736 1522 ita
1767 1502 1824 1533 per
1848 1492 1965 1522 bonam
1995 1503 2019 1521 2:

329 1545 424 1576 fidem
450 1555 589 1581 servare,
614 1548 645 1575 et
670 1545 753 1585 quod
779 1544 862 1575 bona
885 1544 947 1575 fide
972 1545 1087 1576 darent
1111 1550 1278 1586 operamm.
1304 1547 1338 1574 ut
1363 1547 1557 1575 servaretur.

434 1596 565 1626 Factum
591 1597 621 1626 in
644 1596 790 1626 Venetiis
816 1597 1033 1638 suprascripto
1058 1597 1137 1627 loco.
1226 1595 1245 1632 ἦ·
1271 1596 1340 1636 Ego
1366 1595 1544 1629 Fatolinus,
1569 1595 1712 1625 notarius
1738 1595 1858 1625 domini
1876 1594 1967 1625 Wel-

330 1648 433 1678 101115Π
458 1648 547 1678 ducis
573 1653 604 1678 ct
627 1648 667 1678 ab
693 1649 888 1689 imperatore
910 1647 1085 1679 Frederico
1111 1648 1314 1679 confirmatus
1340 1652 1461 1689 postea,
1488 1650 1617 1688 rogatus
1643 1646 1795 1688 predictis
1820 1647 1968 1678 omnibus

331 1699 460 1730 interfui
485 1703 517 1730 et
540 1700 745 1741 subscripsi0.

459 1793 535 1825 2156.
564 1794 847 1825 Ils'ltAiilJa'NTA
878 1793 1152 1825 §IGULORUM
1178 1793 1241 1824 ET
1264 1793 1640 1825 LOMBARDORUM.
1681 1794 1777 1832 (Any.
1795 1795 1838 1828 1.)
1996 1809 2020 1826 :w

430 1853 567 1884 Nomina
591 1857 711 1884 tautum
737 1855 910 1884 imum-nm
926 1855 1060 1884 scri-(wit
1084 1853 1155 1884 Vita
1171 1853 1350 1884 Alexandri
1368 1853 1434 1885 HI.
1459 1854 1503 1885 cd.
1523 1853 1684 1884 Duchesne
1708 1854 1754 1890 II,
1771 1855 1842 1883 440.
1885 1856 1970 1892 (enac

328 1906 432 1935 ῐιινιιία
455 1908 529 1936 stent
551 1917 570 1935 a
593 1906 707 1936 ,Siculis
731 1908 757 1935 vt
781 1917 801 1935 (ι
825 1905 1017 1941 Lombardc's,
1046 1916 1082 1935 ca
1105 1916 1238 1944 quaeras
1261 1905 1346 1943 apad
1371 1905 1576 1936 Romoaltlum
1600 1905 1657 1936 SS.
1675 1904 1772 1942 XIX,
1787 1907 1858 1942 454,
1883 1905 1903 1936 l.
1919 1907 1970 1935 31.

1658 1956 1709 1993 (P.
1728 1958 1816 1993 157.)

432 2017 482 2047 Ex
514 2022 605 2058 parte
638 2028 713 2048 vcro
740 2017 849 2048 Sicilie
881 2019 965 2058 regis
991 2017 1104 2048 eodem
1130 2018 1223 2048 inodo
1249 2019 1367 2049 iuravit
1392 2019 1428 2049 R.
1455 2019 1680 2049 Salernitanus
1705 2018 1969 2060 archiepiscopus

329 2072 360 2099 ct
384 2069 424 2099 R.
450 2069 629 2099 Andrcnsis
655 2080 771 2099 comes.
1995 2082 2019 2099 35

431 2120 480 2150 Ex
511 2124 601 2162 parte
634 2131 708 2151 vero
740 2120 994 2151 Lonibardorum
1024 2121 1226 2157 iuraverunt.
1259 2121 1311 2163 qui
1342 2126 1510 2163 presentes
1541 2122 1684 2161 aderant,
1717 2122 1756 2153 de
1786 2121 1967 2152 Mediolano

328 2171 491 2202 Gerardus
516 2172 612 2202 Pistis
638 2176 669 2202 et
694 2172 852 2212 [tog-erius
878 2171 1082 2202 Marcellinus
1112 2173 1234 2209 consul.
1264 2173 1303 2203 dc
1328 2173 1492 2204 Placentia
1519 2173 1710 2204 Guillelmus
1735 2172 1968 2207 Leccacorvus,

327 2222 367 2253 (le
393 2223 505 2254 Brixia.
530 2223 683 2254 Albertus
708 2223 746 2254 de
773 2223 941 2258 (fiainbara.
974 2224 1013 2254 de
1038 2224 1196 2265 Bergamo
1220 2225 1376 2255 Albertus
1402 2225 1595 2257 Albertonis.
1627 2225 1666 2256 dc
1690 2224 1820 2255 Verona
1845 2224 1967 2255 Gothus

329 2276 450 2310 consul,
476 2275 514 2306 de
540 2276 656 2306 Parma
672 2275 819 2309 Vetulus,
845 2276 884 2306 de
903 2275 1007 2316 Regio
1024 2277 1229 2311 Artemanus.
1255 2277 1294 2307 de
1312 2277 1457 2308 Bononia
1474 2277 1665 2307 Pinamonte
1683 2279 1828 2318 potestas
1846 2286 1966 2306 eorum.

328 2326 366 2356 do
393 2326 532 2357 Novaria
558 2326 751 2357 Guillelmus
776 2326 942 2362 Guibuini.
968 2327 1007 2358 de
1026 2328 1225 2359 Alexandria
1244 2328 1384 2359 Ubertus
1409 2329 1447 2359 dc
1472 2329 1564 2362 Foro.
1590 2329 1630 2360 de
1649 2328 1760 2359 Padua
1776 2327 1966 2358 Tessulinus
1998 2336 2005 2353 ι

327 2382 480 2419 potestas,
507 2378 546 2409 de
563 2378 736 2409 Vincentia
760 2378 944 2409 Eczulinus.

450 2487 526 2520 2157.
556 2488 815 2520 EPISTOLAE
841 2490 1164 2521 IMPERAToRIs
1188 2490 1253 2521 Al)
1282 2491 1684 2523 SALZBURGENSES.
1724 2491 1806 2529 Any.
1823 2492 1850 2520 9.

432 2548 523 2579 Dima
546 2551 619 2579 mmet
642 2549 794 2587 qusniam,
819 2560 896 2588 qaas·
919 2560 980 2579 ’11110
997 2552 1081 2580 texum
1098 2551 1323 2588 coninuaeinms,
1348 2561 1413 2582 ‘nim
1430 2552 1457 2581 A
1474 2551 1516 2581 ml
1531 2550 1700 2591 capitulum
1716 2551 1969 2589 Scclzbzcrqcnscm

326 2602 413 2633 rcum.
449 2602 536 2631 ‹saizcs
570 2601 783 2640 ‹uettosjraphson
818 2604 999 2632 asservatur
1034 2602 1068 2631 in
1106 2602 1262 2633 tabulario
1302 2603 1388 2642 myrti
1417 2603 1593 2639 Baium-ici,
1628 2602 1876 2634 Kaisar-Sele&
1898 2603 1968 2639 531,

2007 2338 2019 2353 0

429 2687 493 2712 265.
518 2692 540 2715 e)
559 2688 649 2719 grathe
671 2688 690 2711 l·
714 2688 748 2712 1⁸.
850 2688 872 2719 f)
893 2689 948 2712 bri}
970 2688 990 2713 1.
1013 2688 1046 2712 1”.
1145 2693 1169 2713 g)
1191 2689 1266 2714 t'nisio
1288 2690 1309 2714 1.
1333 2690 1368 2714 l·.
1457 2689 1482 2717 11)
1502 2690 1575 2720 treug*
1598 2688 1618 2713 l.
1640 2688 1678 2712 1·.
1767 2688 1783 2719 i)
1803 2693 1863 2713 suut
1884 2688 1905 2714 1.
1927 2688 1966 2712 1”.
1994 2694 2018 2712 45

327 2729 351 2755 k,
371 2721 437 2755 ‹teesl
460 2731 494 2754 1·4
585 2729 603 2760 ¹)
624 2732 781 2755 menenensis
804 2732 823 2754 1.
847 2731 882 2756 l‘.
971 2732 1002 2762 m)
1021 2740 1095 2764 opani
1116 2732 1136 2756 l.
1224 2733 1249 2763 n)
1271 2734 1400 2757 Welbonis
1422 2732 1458 2757 l'.
1547 2732 1570 2761 ⁰)
1591 2740 1615 2756 ss
1638 2731 1663 2761 13
1683 2732 1772 2763 scripsi
1792 2730 1830 2755 l'.

432 2800 453 2822 li
478 2798 528 2822 llic
546 2797 575 2822 «lc
594 2798 675 2823 decem.
695 2798 862 2829 mussantibus
883 2806 920 2823 nr.
935 2802 986 2824 264
1004 2799 1116 2825 nonnis-i
1133 2808 1177 2825 sca:
1197 2801 1346 2826 emoneo-ati
1365 2803 1435 2826 siml.

2187 1103 2201 1130 u
