2205 3072
411 156 472 192 2‘70

411 245 506 276 Rexy
523 244 739 286 Ungarorum,
764 256 824 276 rex
844 244 1021 284 Danorum,
1046 255 1105 275 rex
1121 243 1205 274 Boe-

411 297 473 328 mie
505 306 562 338 per
590 297 717 339 legatos
752 300 784 328 et
812 297 936 327 litteras
966 306 1040 327 suas
1069 305 1205 326 consen-

413 352 532 379 serunt.
622 348 896 390 Archiepiscopus
921 351 953 379 et
969 347 1035 378 dux
1050 347 1206 378 Poloniae

411 411 469 442 per
494 400 617 441 legatos
642 404 674 431 et
698 401 822 431 litteras
843 405 938 431 suasz
963 401 1206 430 consenserunt.

412 451 597 493 Episcopus
631 451 816 493 Ripensisfl,
848 452 1019 493 episcopus
1049 451 1206 491 Augusti-

412 503 568 535 dunensis
578 504 601 542 ¹³,
616 504 787 545 episcopus
801 503 1019 541 Tridentinus,
1035 503 1207 544 episcopus

411 555 596 593 Paduanus,
615 555 786 597 episcopus
804 555 981 586 Feltrensis
991 559 1012 593 ⁰,
1037 555 1208 596 episcopus

413 605 633 644 Tarvisinusd,
660 607 832 648 episcopus
849 606 1056 643 Mantuanus,
1081 605 1207 636 Faven-

412 659 509 696 tinus,
521 658 719 689 Veronensis
727 663 748 695 θ,
763 658 994 699 Pergamenus,
1009 656 1207 694 Imolensisf,

412 708 557 741 Mutinus
566 715 587 747 Ζ,
600 709 792 747 Laudensis,
806 709 988 747 Firmanus,
1002 709 1207 745 Ferentinus,

413 760 644 800 Terdonensis‚
662 762 836 803 Aquensis,
854 761 1014 799 Astensis,
1036 760 1207 798 Taurinus,

413 812 645 851 Vercellensis,
669 812 876 855 Iporiensisss,
901 813 1074 851 Cumanus,
1098 812 1207 843 Nova-

416 865 542 902 riensis,
574 864 832 903 Cremonensish,
863 864 1117 903 Gebennensisi,
1141 863 1207 894 Tu-

412 916 524 953 lensis,
550 915 775 953 Virdunensis,
811 915 1043 951 Basileensisk,
1079 916 1207 956 Argen-

412 968 497 998 tinus
506 973 527 1006 ²,
547 967 827 1007 Wormaciensisl,
850 968 1108 1005 Traiectensisffl,
1126 967 1208 997 Ver-

414 1018 534 1057 densis,
552 1019 862 1062 AbelenbergensiS,
879 1020 1085 1061 Pragensisn,
1101 1018 1207 1050 Ratis-

413 1072 577 1112 ponensis,
610 1071 824 1109 Pataviensis,
858 1072 936 1103 item
960 1071 1208 1113 Augustensis0,

413 1122 711 1164 Babenbergensis,
731 1123 932 1157 Melfitanus:
957 1123 990 1154 hi
1012 1133 1123 1153 omnes
1141 1123 1209 1164 epi-

414 1174 523 1216 scopip
547 1175 763 1206 interfuerunt
781 1179 813 1206 et
830 1178 1076 1206 consenserunt.
1151 1174 1210 1205 Est

412 1229 520 1257 autem
549 1237 701 1258 numerus
730 1226 1049 1268 archiepiscoporum
1081 1229 1113 1257 et
1140 1226 1206 1267 epi-

413 1288 596 1320 scoporum,
628 1278 681 1319 qui
714 1282 901 1320 praesentes
933 1278 1063 1309 fuerunt
1094 1280 1126 1308 et
1155 1278 1208 1318 qui

412 1329 529 1361 litteris
554 1330 620 1361 suis
651 1340 844 1361 consensum
871 1330 1100 1372 praebuerunt,
1132 1340 1207 1360 ceu-

413 1384 480 1412 tum
499 1381 589 1414 LIII.
657 1381 823 1413 Abbatum
840 1392 916 1412 vero
933 1386 966 1413 et
983 1381 1209 1423 archipresby-

413 1436 578 1465 terorumq
604 1437 635 1464 et
660 1435 915 1475 praepositorum
940 1434 1113 1464 multorum
1136 1444 1207 1474 reg-

413 1496 525 1515 norum
552 1486 801 1516 inaestimabilis
819 1485 991 1516 multitudo
1015 1486 1160 1516 interfuit
1178 1489 1209 1516 et

413 1547 485 1567 cum
515 1537 676 1568 desiderio
708 1538 882 1568 consensit.
936 1537 1087 1567 Interfuit
1111 1537 1208 1567 etiam

413 1587 479 1619 dux
505 1588 686 1619 Saxoniaer
711 1593 742 1619 ct
767 1588 945 1625 Bawariae,
978 1588 1043 1619 dux
1068 1588 1207 1623 Welfos,

414 1640 479 1671 dux
516 1641 714 1682 Zaringiae‘,
750 1641 815 1671 dux
851 1640 1041 1674 Suevorum,
1079 1646 1208 1671 comcsu

414 1693 575 1733 palatinus
613 1693 652 1723 de
682 1692 783 1730 Reno,
817 1697 946 1723 comesp
976 1693 1138 1733 palatinus
1171 1692 1208 1722 de

417 1743 567 1781 Saxonia,
599 1754 707 1775 comes
738 1745 920 1786 palatinusv
945 1743 984 1774 de
1009 1743 1158 1775 Bawaria
1182 1749 1213 1774 et

414 1795 469 1825 alii
494 1795 697 1826 marchiones
722 1801 754 1826 et
771 1796 916 1830 comites,
942 1806 1077 1837 quorum
1100 1807 1212 1827 nume-

418 1851 513 1877 rumW
538 1847 732 1887 ignoramus.

766 156 949 183 FRIDERIOI
968 157 988 183 Ι.
1008 154 1331 183 CONSTITUTIONES.
1368 155 1442 181 1159.
1469 156 1541 182 1160.
1578 156 1625 182 Nr.
1637 156 1694 181 191.

1259 242 1449 274 Bizuntinus
1473 243 1734 285 archiepiscopus
1758 253 1816 283 per
1832 242 1998 283 legatum¹
2023 243 2054 271 et

1260 294 1447 336 episcopum
1463 294 1677 326 Basiliensem
1695 294 1869 326 consensit.
1938 293 2053 324 Arela-

1259 346 1359 376 tensis
1399 346 1662 388 archiepiscopus
1704 345 1875 377 consensit.
1964 345 2053 386 Lug-

1261 397 1415 428 dunensis
1439 398 1700 439 archiepiscopus
1724 402 1818 428 cumy
1847 397 1912 428 suis
1938 396 2052 427 suffra-

1262 449 1373 489 ganeis
1409 450 1586 481 consensit.
1664 449 1861 480 Viennensis
1893 448 2052 489 archiepi-

1262 511 1378 542 scopus
1416 512 1487 532 cum
1526 502 1591 532 suis
1632 501 1846 543 suffraganeis
1881 500 2055 532 consensit.

1261 551 1436 583 Heinricus
1469 563 1527 584 rex
1558 553 1738 594 Anglorum
1773 563 1831 594 per
1865 552 1990 593 legatos
2024 554 2056 583 et

1262 603 1386 634 litteras
1405 610 1498 635 suasz
1516 605 1688 636 consensit.
1757 604 1831 635 Rex
1847 603 2053 644 Ungarorum

1261 665 1318 697 per
1356 656 1481 687 litteras
1521 660 1553 687 et
1600 657 1725 697 legatos
1766 667 1841 687 suos
1880 656 2053 686 consensit.

1260 706 1332 738 Rex
1356 707 1552 739 Boemorum
1582 707 1758 739 consensit.
1846 706 1921 738 Rex
1944 707 2054 738 Dano-

1261 764 1351 789 ruma
1375 760 1549 791 consensit.
1639 759 1753 791 Gwido
1779 759 1901 790 electus
1925 758 2055 790 Raven-

1262 811 1404 842 natensis
1430 812 1605 844 consensit.
1688 811 1869 853 Episcopus
1894 810 2057 842 Firminus

1262 864 1435 895 consensit.
1525 863 1708 905 Episcopus
1746 863 1940 894 Ferentinus
1980 873 2057 894 con-

1263 915 1375 945 sensit.
1456 914 1653 946 Mantuanus
1680 915 1851 946 consensit.
1933 914 2055 955 Perga-

1262 966 1383 997 mensis
1408 967 1581 998 consensit.
1662 966 1861 997 Faventinus
1880 966 2054 998 consensit.

1263 1017 1428 1048 Abbatum
1447 1029 1522 1049 vero
1540 1023 1572 1050 et
1589 1017 1931 1060 archipresbiterorum
1950 1019 2057 1049 multi-

1262 1069 1338 1100 tudo
1378 1070 1623 1101 innumerabilis
1667 1071 1842 1101 multorum
1884 1080 2058 1111 regnorum

1264 1121 1410 1151 interfuit
1442 1125 1474 1152 et
1503 1122 1677 1153 consensit.
1768 1121 2057 1162 Longobardorum

1263 1173 1488 1203 inestimabilis
1523 1173 1694 1204 multitudo
1730 1173 1875 1204 interfuit
1916 1176 1948 1203 et
1982 1183 2057 1204 con-

1262 1224 1372 1255 sensit.
1454 1224 1606 1255 Universi
1630 1224 1717 1256 fereb
1741 1225 1903 1266 principes
1917 1224 2057 1256 Romani

1262 1276 1403 1317 imperii,
1433 1279 1498 1307 tam
1523 1275 1692 1306 Teutonici
1725 1286 1819 1317 quam
1844 1276 1963 1311 Italici.
1994 1280 2058 1308 tam

1263 1328 1293 1358 in
1317 1327 1406 1358 Urbe
1432 1338 1525 1369 quam
1557 1331 1650 1358 extra
1674 1327 1807 1366 Urbem,
1838 1328 2056 1360 interfuerunt

1264 1382 1296 1409 et
1319 1390 1488 1410 assensum
1514 1390 1585 1410 cum
1603 1379 1726 1420 ingenti
1744 1379 1903 1411 desiderio
1920 1380 2059 1421 prebue-

1264 1433 1345 1461 runt.

505 2076 736 2128 191-193.
782 2074 1982 2209 SCRIPTssRlFDHEMEfiJPUGNATIONE

897 2249 1004 2284 1159.
1034 2250 1133 2294 Sept.
1161 2250 1215 2285 18.
1240 2269 1271 2273 —
1298 2250 1404 2285 1160.
1434 2251 1512 2286 Ian.
1534 2250 1593 2286 Q7,

700 2347 774 2379 191.
807 2348 1115 2381 PROSCRIPTIO
1141 2349 1465 2382 CREMENSIUM

519 2403 643 2435 Damus
665 2415 680 2434 e
712 2404 741 2445 1)
766 2404 925 2435 Zacharia
955 2405 1220 2437 ‘Cremonensimn
1246 2407 1455 2445 episcopm-mn
1479 2407 1581 2437 scries'
1607 2406 1800 2445 (Mediolani
1825 2408 1921 2443 1749)
1941 2408 2064 2446 p.122,

416 2456 470 2494 qui
501 2456 606 2486 hausit
636 2466 650 2486 e
680 2456 759 2487 libro
786 2457 1023 2496 przssvc‘lcyessorzcm
1056 2458 1248 2498 episcopatus
1278 2458 1510 2496 Cremonensis;
1539 2469 1632 2497 quam
1664 2458 1827 2489 editionem
1858 2458 1963 2489 recudi
1991 2458 2063 2497 fecit

521 2541 584 2567 190.
608 2543 631 2572 y)
652 2543 705 2567 Rex
729 2556 761 2560 —-
785 2548 968 2568 consenserunt
991 2544 1041 2568 cleg.
1056 2544 1084 2568 L.

416 2584 439 2615 c)
460 2585 611 2609 Flectrensis
630 2585 659 2609 L.

416 2628 441 2655 8}
461 2629 633 2660 Proporiensis
648 2628 676 2652 L.

612 2674 643 2701 ῃ1)
663 2672 744 2696 Trcct.
761 2671 788 2695 L.

417 2714 581 2737 diaconorum
603 2713 628 2739 1⁷.

417 2756 440 2785 V)
460 2764 522 2780 com.
543 2757 591 2788 pal.
611 2757 660 2781 des.
682 2757 707 2781 V.
803 2759 832 2787 w)
850 2759 954 2782 nomina
971 2757 996 2782 Γ.

418 2798 514 2822 litteras
533 2802 558 2823 et
576 2799 673 2832 legatos
692 2809 751 2825 suos
772 2800 793 2824 C
805 2800 828 2825 ⁵2.

765 2584 789 2614 d)
809 2587 973 2618 'Pelgiusinus
990 2587 1016 2615 V:
1036 2588 1164 2611 Celwinus
1184 2588 1212 2612 L.

416 2672 498 2695 censis
516 2671 541 2695 V.

751 2715 771 2745 ¹')
792 2716 922 2739 Saxonum
937 2716 966 2740 L.

917 2802 940 2832 a)
961 2803 1111 2834 Dagncrum
1131 2802 1162 2826 B.

1183 2544 1204 2574 z)
1224 2545 1291 2569 deest
1303 2545 1334 2569 L.

764 2627 790 2659 h)
810 2630 989 2654 Germonensis
1006 2630 1032 2659 V:
1051 2631 1193 2654 Cremensis
1206 2630 1236 2654 L.

860 2672 884 2702 n)
905 2674 1040 2704 Pragensis
1057 2686 1083 2690 -
1096 2673 1241 2697 Melfitanus
1255 2674 1306 2697 (les.
1320 2673 1350 2697 L.

1089 2716 1108 2743 ⁸1
1128 2717 1196 2740 Wlfo
1214 2716 1239 2746 l]
1265 2717 1356 2741 Guello
1376 2717 1406 2741 L.

1086 2760 1111 2786 Χ)
1131 2768 1206 2783 suum
1225 2759 1286 2783 add.
1303 2759 1327 2783 B
1342 2759 1362 2784 1.

1516 2352 1602 2381 1159.
1628 2350 1709 2389 Sept.
1729 2352 1775 2381 18.

1429 2547 1451 2573 Β)
1472 2546 1516 2577 Ep.
1537 2546 1591 2577 Rip.
1611 2546 1663 2569 des.
1680 2545 1709 2569 L.
1800 2545 1823 2577 b)
1844 2546 2013 2577 Augusteusis
2032 2544 2063 2572 L,

1327 2588 1349 2617 e)
1370 2589 1522 2619 Verogeusis
1540 2588 1566 2619 1⁷3
1587 2589 1673 2613 Veten.
1689 2588 1716 2612 L.
1815 2587 1837 2616 f)
1858 2588 2017 2620 Inglonensis
2030 2587 2059 2612 L.

1325 2630 1342 2661 i)
1362 2632 1521 2655 Gebentinus
1538 2631 1562 2655 V.
1646 2630 1672 2663 k)
1693 2631 1793 2655 Basileu
1810 2630 1838 2655 Γ.
1909 2629 1926 2661 l)
1946 2631 2062 2655 1Varma-

1422 2675 1444 2703 0)
1465 2674 1600 2704 Αυέἶιείθῑι
1617 2673 1644 2698 'K
1714 2674 1739 2704 1¹)
1759 2674 1826 2698 deest
1843 2674 1868 2698 V.
1939 2673 1963 2705 q)
1983 2674 2063 2698 archi-

1516 2718 1535 2747 t)
1554 2718 1711 2749 Thuringiae
1726 2717 1755 2742 L.
1865 2719 1890 2745 u)
1911 2721 1935 2741 et
1954 2717 2014 2741 add.
2034 2716 2063 2740 L.

1459 2759 1483 2792 δ’)
1504 2768 1571 2785 cons.
1591 2769 1649 2784 cum
1669 2760 1721 2784 suis
1741 2761 1811 2785 suffr⁴
1830 2760 1854 2784 B
1868 2760 1889 2785 1.

1251 2802 1275 2833 b)
1296 2804 1373 2834 princ.
1394 2804 1445 2828 sere
1465 2803 1489 2827 Β
1504 2803 1526 2829 1.

1978 2760 1999 2790 Ζ>
2020 2768 2064 2792 per

2084 717 2107 735 10

2086 978 2108 996 15

2085 1236 2110 1254 20

2085 1499 2109 1517 25

2090 1763 2115 1781 30

2091 2271 2115 2289 35

2089 2592 2114 2610 40

2089 2808 2114 2827 45
