2205 3072
327 192 387 221 372
403 169 409 174 ’
738 189 917 215 FRIDERICI
937 189 956 215 Ι.
976 188 1297 215 CONSTITUTIONES.
1334 187 1407 213 1177.
1435 187 1483 212 Nr.
1496 187 1554 213 271.

429 275 508 306 Cum
540 275 748 317 imperatoria
778 275 931 306 maiestas
962 287 981 307 a
1009 286 1086 317 rege
1116 286 1227 316 regum
1259 275 1299 305 ad
1330 274 1391 304 hoc
1415 274 1446 304 in
1470 274 1564 304 terris
1589 272 1736 304 ordinata
1767 273 1818 311 sit,
1848 276 1883 304 ut
1907 283 1965 315 per

326 327 394 358 eius
420 337 549 368 operam
578 330 664 357 totus
690 327 776 357 orbis
806 327 917 368 pacisc
940 327 1083 369 gaudeat
1107 327 1316 362 incremento,
1346 336 1415 362 nos,
1447 336 1526 366 quos
1551 324 1640 356 Deus
1666 324 1697 355 in
1722 325 1802 355 solio
1827 324 1964 355 Romani

326 379 451 420 imperii
470 379 647 414 constituit,
665 388 735 409 eam
754 378 941 419 diligentius
959 380 1109 420 amplecti
1128 382 1160 409 et
1176 378 1354 409 ferventius
1373 387 1564 408 conservare
1582 376 1738 407 debemus
1756 379 1788 407 et
1805 376 1963 408 volumus.

326 430 406 460 Inde
436 433 495 465 est,
526 430 609 471 quod
640 440 753 471 pacem
781 429 919 461 ecclesie
949 434 981 461 et
1008 430 1145 471 imperii,
1175 429 1351 460 secundum
1376 428 1459 470 quod
1483 439 1501 459 a
1525 428 1724 470 principibus
1749 427 1865 458 nostris
1890 430 1922 458 et
1946 437 1964 457 a

326 480 542 511 cardinalibus
566 481 712 512 Romane
737 482 874 512 ecclesie
900 481 1056 523 disposita
1074 486 1123 513 est
1141 485 1172 512 et
1190 481 1336 512 ordinata
1353 485 1385 512 et
1400 481 1431 511 in
1450 481 1568 522 scripto
1584 480 1764 522 principum
1783 482 1962 510 nostrorum
2005 485 2012 502 s

327 533 441 573 sigillis
468 544 575 563 eorum
601 532 748 574 signatod
772 533 964 569 continetur,
992 534 1073 564 sicut
1097 544 1154 575 per
1178 533 1399 574 interpositam
1424 542 1595 574 personam
1620 531 1794 562 secundum
1819 530 1963 564 formam,

327 595 388 625 que
418 585 449 614 in
479 585 598 626 scripto
631 585 826 621 continetur,
861 585 959 615 iurari
987 585 1139 621 fecimus,
1168 585 1212 615 sic
1243 585 1384 626 presenti
1414 585 1530 626 scripto
1554 594 1611 614 nos
1635 583 1769 614 firmiter
1793 582 1964 613 observare

327 635 554 676 promittimus,
585 636 809 666 confirmamus
840 640 872 666 et
896 640 999 666 ratum
1028 637 1058 666 in
1091 640 1253 677 posterum
1279 646 1469 677 permanere
1494 635 1652 673 volumus,
1684 638 1715 665 et
1742 635 1787 664 sic
1812 634 1965 676 deinceps

328 687 461 717 firmiter
485 687 729 718 observabimus
755 690 786 717 et
810 687 964 718 faciemus
990 691 1140 729 quantum
1166 688 1197 718 in
1222 687 1313 718 nobis
1337 688 1433 718 fuerit
1458 687 1529 718 Deo
1553 687 1691 728 propitio
1717 686 1892 717 observari.

429 738 546 769 Datum
573 738 657 780 apud
682 739 838 769 Venetiae
863 739 893 769 in
918 739 1038 780 palatio
1064 739 1153 770 ducis
1177 739 1249 769 XV.
1274 739 1440 770 Kalendas
1466 738 1624 773 Octobris,
1648 737 1821 768 indictione
1846 737 1886 768 X.

386 865 462 897 271.
497 866 821 898 CONFIRMATIO
849 866 984 899 PACIS
1016 868 1107 899 PER
1137 866 1392 899 DNODECIM
1418 866 1676 899 MAGNATES
1705 865 1908 898 IMPERII.

1053 920 1153 959 (Sept.
1171 921 1235 957 17.)

428 977 550 1009 Damas
578 989 616 1009 ea*
645 979 775 1009 editione
804 979 891 1009 Vitae
920 980 1099 1010 Alexandri
1120 979 1187 1010 III.
1219 991 1238 1009 a
1268 979 1444 1010 Duchesnio
1475 979 1626 1009 instructa
1662 979 1715 1009 ‘Le
1743 978 1838 1009 Liber
1866 978 1968 1018 ponti-

325 1029 435 1068 ficalis*
461 1030 506 1066 II,
524 1031 594 1060 441.
1708 1030 1758 1066 (P.
1779 1031 1864 1069 160.)

428 1115 566 1146 Domino
599 1127 656 1146 suo
687 1127 723 1147 ac
757 1117 838 1158 patri
871 1117 1054 1147 venerando
1079 1117 1265 1148 Alexandro
1294 1118 1354 1149 Dei
1385 1118 1489 1158 gratia
1523 1120 1631 1147 sancte
1656 1116 1801 1147 Romane
1826 1116 1910 1147 sedis
1935 1119 1967 1146 et

328 1166 485 1197 catholice
510 1167 647 1198 ecclesie
673 1178 796 1198 summo
821 1168 964 1208 pontifici
989 1172 1020 1198 et
1045 1168 1219 1198 universali
1244 1179 1327 1209 pape
1352 1168 1555 1199 Christianus
1572 1168 1782 1208 Maguntinus
1807 1168 1967 1208 archicpi-

328 1228 456 1259 scopus,
484 1217 665 1260 Phylippus
696 1218 897 1249 coloniensis
926 1219 1200 1260 archiepiscopus,
1228 1220 1438 1251 &Vicmannus
1471 1219 1774 1260 Magdeburgensis,
1805 1218 1968 1249 Arnoldus

329 1269 539 1300 Treverensis
578 1270 820 1312 archiepiscopi,
855 1270 1021 1301 Conradus
1046 1270 1298 1302 Wormatiensis
1337 1272 1476 1306 electus,
1517 1271 1712 1301 Godefridus
1745 1270 1968 1303 cancellarius,

328 1320 535 1351 Woruwinus
566 1322 822 1362 protonotarius,
852 1321 886 1351 F.
917 1332 1025 1352 comes
1055 1321 1245 1356 Hollandie,
1277 1322 1313 1354 T.
1338 1323 1479 1353 marchio
1512 1322 1550 1353 de
1580 1322 1677 1353 Lusiz
1710 1326 1741 1353 et
1769 1322 1868 1352 frater
1899 1322 1967 1352 eius

328 1372 432 1409 Dedo,
465 1372 506 1403 H.
533 1384 640 1404 comes
672 1373 712 1404 de
740 1373 864 1405 Dietsa.
905 1373 942 1403 R.
972 1384 1078 1403 comes
1111 1373 1149 1403 de
1181 1373 1293 1404 Durna
1327 1375 1432 1405 filialis
1467 1374 1645 1404 devotionis
1676 1374 1864 1414 obsequium
1897 1383 1968 1403 eum

327 1423 438 1454 debita
462 1424 645 1454 obedientia
671 1429 702 1454 et
725 1425 934 1455 subiectione.

430 1474 615 1513 Commoda,
648 1486 709 1516 quc
742 1487 782 1506 cx
813 1481 1035 1507 consummata
1063 1488 1141 1517 pace
1167 1477 1305 1508 ecclesie
1330 1482 1360 1508 ct
1393 1478 1517 1519 imperii
1542 1478 1599 1508 toti
1625 1477 1742 1508 mundo
1766 1476 1969 1518 proveniunt,

328 1527 398 1567 ipsa
423 1527 625 1558 innumerata
651 1528 743 1563 mala,
769 1538 830 1568 que
856 1528 929 1559 inde
948 1529 1099 1563 vitantur,
1125 1530 1295 1559 manifeste
1313 1529 1497 1560 ostendunt.
1538 1529 1627 1560 Sicut
1644 1530 1728 1559 enim
1746 1528 1785 1559 ab
1802 1528 1970 1568 utriusque

327 1578 477 1608 concordi
513 1578 714 1619 providentia
751 1580 837 1610 orbis
875 1584 1030 1611 terrarum
1067 1580 1106 1610 ad
1140 1581 1275 1611 salutem
1312 1586 1344 1611 et
1376 1581 1640 1621 tranquillitatem
1670 1580 1805 1620 regitur,
1840 1580 1884 1610 ita
1908 1579 1967 1609 sub

1994 744 2017 762 lo

1996 1127 2019 1144 15

1996 1387 2021 1405 20

327 1639 437 1660 eorum
475 1629 632 1661 divisione
664 1642 681 1660 a
711 1631 839 1672 propria
873 1631 974 1662 debiti
1011 1636 1114 1663 status
1151 1633 1343 1663 rectitudine
1377 1633 1624 1663 distrahebatur.
1680 1631 1829 1662 Gaudeat
1859 1632 1967 1672 itaque
1996 1640 2019 1658 Ξῖ»

327 1681 421 1711 tellus
458 1685 522 1712 tam
552 1681 774 1713 desiderabilis
810 1684 888 1713 roris
920 1684 1101 1714 visitatione
1132 1695 1294 1725 respersa.
1330 1688 1394 1714 tam
1426 1685 1587 1725 gratiosae
1618 1684 1725 1725 pluvie
1760 1682 1969 1713 inundatione

328 1733 510 1769 fecundata,
535 1744 592 1774 per
615 1744 709 1775 quam
736 1734 838 1765 fidelis
864 1736 972 1776 populi
997 1736 1087 1766 arida
1110 1736 1178 1765 sitis
1204 1736 1375 1777 depellitur
1400 1742 1431 1766 et
1456 1737 1596 1766 omnium
1620 1736 1795 1776 iurgiorum
1818 1734 1968 1765 scandala

329 1789 360 1814 et
385 1785 608 1815 scandalorum
635 1786 780 1816 incendia
805 1786 1013 1817 suffocantur.
1062 1787 1128 1817 Nos
1153 1798 1238 1828 ergo.
1264 1792 1355 1828 pater
1380 1788 1595 1821 sanctissime,
1621 1787 1660 1817 de
1685 1790 1774 1817 tanto
1799 1785 1970 1816 concordie

328 1835 433 1865 fructu
470 1836 623 1873 letantes,
662 1838 763 1878 ipsam
796 1838 1045 1868 sacratissimam
1078 1839 1216 1869 ecclesie
1247 1844 1279 1869 et
1312 1839 1436 1880 imperii
1470 1849 1597 1880 pacem,
1628 1839 1710 1869 sicut
1739 1838 1778 1868 ab
1802 1837 1970 1877 utriusque

328 1887 428 1927 partis
462 1887 693 1918 mediatoribus
726 1893 774 1919 cst
799 1888 956 1930 disposita
980 1895 1011 1919 et
1036 1890 1065 1919 in
1091 1900 1258 1920 commune
1284 1892 1437 1932 scriptum
1464 1890 1609 1925 redacta,
1643 1893 1674 1920 et
1698 1899 1811 1930 pacem
1835 1887 1968 1918 illustris

332 1939 417 1979 regis
450 1938 558 1969 Sicilie
593 1939 633 1969 ad
664 1939 725 1969 XV
750 1951 851 1970 annos
884 1944 916 1971 et
945 1945 1113 1982 treuguam
1144 1942 1396 1972 Lombardorum
1427 1954 1445 1973 a
1469 1942 1621 1983 proximis
1650 1940 1808 1972 Kalendis
1833 1939 1972 1980 Augusti

331 2001 432 2031 usque
457 1990 497 2020 ad
522 1991 569 2020 Vl
593 2002 704 2026 annos,
730 1992 811 2021 sicut
837 2003 854 2022 a
878 1992 1108 2024 mediatoribus
1135 1998 1184 2024 cst
1209 1994 1354 2024 ordinata
1379 1998 1411 2025 et
1435 1995 1552 2024 nostris
1577 1993 1765 2024 iuramentis
1790 1993 1916 2022 firmata
1941 1993 1973 2021 et

331 2042 362 2071 in
388 2042 540 2082 scriptum
560 2043 771 2073 communiter
789 2043 929 2077 redacta,
955 2045 1039 2085 quod
1057 2046 1181 2076 scilieet
1199 2047 1351 2087 scriptum
1370 2046 1505 2087 propriis
1523 2044 1813 2087 subscriptionibus
1831 2044 1971 2084 ipsorum

330 2093 542 2124 mediatorum
574 2094 648 2124 hinc
680 2095 753 2125 inde
784 2097 1003 2126 confirmatum
1037 2101 1085 2127 est
1115 2101 1146 2127 et
1170 2098 1284 2138 sigillis
1310 2099 1450 2139 ipsorum
1476 2098 1735 2134 corroboratum,
1772 2095 1869 2125 nostri
1895 2104 1970 2124 con-

332 2155 445 2175 sensus
482 2145 587 2175 studio
624 2149 656 2175 et
692 2146 800 2186 vigore
836 2147 1059 2178 confirmamus
1096 2153 1127 2178 et
1156 2152 1255 2179 ratam
1288 2154 1319 2179 et
1350 2150 1574 2179 inconcussam
1605 2152 1752 2179 tenemus
1777 2151 1825 2183 et,
1860 2149 1895 2175 ut
1926 2145 1970 2175 sic

333 2196 535 2229 observetur,
571 2207 701 2238 operam
737 2198 894 2229 dabimus.
949 2199 990 2229 Et
1024 2204 1059 2230 ut
1090 2201 1147 2231 hec
1185 2204 1292 2231 nostre
1323 2201 1573 2231 confirmationis
1605 2200 1725 2241 pagina
1749 2197 1972 2228 subsecuturis

332 2248 532 2288 temporibus
563 2248 653 2278 firma
684 2253 715 2279 ct
746 2249 868 2280 illibata
898 2256 1102 2291 permaneat,
1135 2263 1204 2283 eam
1233 2254 1372 2294 propriis
1402 2251 1692 2294 subscriptionibus
1722 2250 1911 2281 communiri
1941 2252 1973 2279 et

332 2302 513 2329 nostrorum
538 2300 715 2340 sigillorum
740 2302 942 2342 appositione
967 2303 1102 2334 fecimus
1127 2304 1282 2345 insigniri.

434 2349 452 2385 'l‘
477 2350 546 2391 Ego
572 2351 775 2382 Christianus
800 2353 988 2393 Maguntine
1021 2355 1105 2385 sedis
1135 2356 1397 2398 archiepiscopus
1424 2356 1611 2396 subscripsi.
1678 2353 1697 2390 †
1721 2353 1791 2394 Ego
1816 2353 1851 2383 P.
1878 2352 1971 2382 Colo-

332 2402 451 2432 niensis
476 2402 740 2444 archiepiscopus
765 2409 797 2434 et
826 2404 927 2435 Ytalie
953 2407 1255 2438 archicancellarius
1281 2408 1466 2449 subscripsi.
1533 2408 1552 2445 ἢ
1578 2406 1648 2447 Ego
1674 2405 1710 2437 C.
1730 2404 1970 2434 XVormaceusiS

332 2454 453 2483 electus
478 2454 662 2495 subscripsi.
743 2454 762 2491 †
786 2454 856 2495 Ego
887 2456 924 2486 G.
950 2457 1124 2498 imperialis
1148 2459 1220 2490 aule
1251 2460 1464 2490 cancellarius
1490 2458 1677 2498 subscripsi.
1758 2456 1777 2492 ἢ
1802 2455 1872 2496 Ego
1898 2454 1970 2484 Wo.

332 2506 568 2545 protonotarius
594 2506 780 2547 subscripsi.

518 2616 594 2647 272.
624 2617 876 2649 PROMISSIO
903 2618 970 2650 DE
998 2620 1174 2653 FEUDIS
1201 2622 1478 2653 LOJlIBARDIS
1507 2621 1642 2652 DATA.
1682 2620 1797 2660 (Sept.)

384 2721 388 2723 Α
436 2675 565 2714 Laeyle'inr
590 2678 621 2707 m
652 2678 679 2711 ll
704 2678 847 2717 Ruqistro
868 2689 972 2718 (misso
995 2681 1130 2711 emita-tis
1150 2683 1359 2713 Bononiensis
1381 2693 1458 2713 saec.
1478 2680 1696 2712 XII—XIII.
1718 2680 1776 2720 fol.
1795 2680 1835 2708 4³3
1852 2678 1923 2717 (5¹9)
1946 2679 1973 2706 pf

336 2727 366 2755 in
392 2727 458 2756 vias
480 2729 657 2767 ‹zpoqmplm
688 2732 734 2769 ¹⁹⁶)
758 2729 901 2769 Dic-'listro
918 2741 994 2762 mm)
1008 2742 1083 2764 saer.
1101 2733 1204 2764 XIII.
1226 2735 1285 2775 sol.
1304 2736 1331 2771 Γ»,
1355 2734 1408 2764 «nbi
1425 2735 1541 2764 inserta
1558 2735 1600 2763 est
1619 2733 1822 2762 iusti-'zomata
1843 2740 1873 2761 rt.
1892 2731 1973 2759 1177

438 2811 502 2838 210.
528 2814 549 2841 ¹')
569 2823 646 2845 snpra
667 2815 710 2839 liu.
730 2816 790 2840 aad.
808 2817 827 2841 l.
917 2816 940 2848 Ιί)
959 2819 1059 2851 signata
1078 2820 1101 2845 3.

1999 1897 2023 1913 :zo

1999 2158 2022 2175 :35

1999 2415 2024 2432 «w

1999 2745 2024 2763 45

2202 225 2205 228 .
2162 0 2205 220 ...anmilnllllllfflllw
