2205 3072
384 159 444 201 26'0
790 168 968 194 FfflDERflcl
990 168 1008 194 1.
1029 167 1350 194 CONSTITUTIONES.
1390 168 1464 193 1160.
1500 168 1548 193 Nr.
1569 169 1624 194 188.

384 255 522 285 vissimis
558 254 711 295 operibus
745 255 957 287 continentes,
987 255 1068 285 sicut
1096 255 1304 285 consiliorum
1336 254 1505 285 noluerunt
1534 265 1605 285 esse
1631 255 1822 296 participes,
1854 256 1898 286 ita
1929 256 2028 286 etiam

383 307 484 348 turpis
516 307 594 336 lueri
625 317 734 337 eorum
769 309 892 348 partem
922 307 1051 348 penitus
1080 310 1346 347 contempserunt
1378 309 1409 336 et
1440 305 1570 336 tandem
1601 306 1640 336 ab
1666 308 1776 337 ebrum
1801 308 1967 338 consortiis
1992 318 2026 339 se

384 358 607 389 subtrahentes
640 358 787 388 exierunt
818 357 857 388 ab
889 358 1029 388 ecclesia
1058 357 1304 398 malignantium
1329 361 1361 388 et
1384 368 1456 388 cum
1486 357 1606 399 impiis¹
1631 368 1694 388 non
1720 358 1894 389 sederunt¹
1926 362 1957 390 et
1982 359 2024 390 ita

382 410 581 441 turbationes
606 409 780 440 illiusmodi
804 420 905 450 usque
930 409 970 440 ad
996 409 1116 440 obitum
1141 420 1245 451 papae
1269 409 1404 439 Adriani
1429 409 1642 450 equanimiter
1667 410 1900 441 sustinuerunt.

485 463 512 492 8.
538 461 699 492 Defuncto
724 465 831 492 autem
851 472 937 503 papa
953 461 1153 502 A(driano)tu
1178 465 1209 492 et
1226 461 1444 491 cardinalibus
1464 461 1612 492 omnibus
1630 462 1661 492 in
1678 461 1812 492 basilica
1828 462 1917 493 beati
1936 462 2023 494 Petri

384 514 422 544 ad
448 513 676 544 celebrandam
697 513 885 544 electionem
904 513 1062 555 pontificis
1081 513 1297 554 congregatis,
1323 512 1397 543 dum
1416 516 1505 543 secta
1522 513 1705 544 cancellarii
1724 514 1814 544 iuxta
1830 514 2027 555 praedictam

383 565 650 596 consuetudinem
683 576 782 596 unum
812 565 851 596 de
884 566 950 596 suis
980 566 1010 596 in
1041 565 1277 606 apostolatum¹¹
1308 575 1497 606 promovere
1527 565 1723 599 intenderet,
1757 565 1903 597 dominus
1927 566 2026 598 Octa-

383 618 495 648 vianus
522 628 593 648 cum
618 618 728 647 multis
754 617 983 650 cardinalibus.
1009 618 1062 658 qui
1087 617 1171 647 illius
1196 616 1428 647 coniurationis
1453 620 1544 647 erant
1569 620 1709 654 exortes,
1734 617 1875 658 iniquam
1900 618 2026 650 illorum

385 669 596 700 intentionem
622 673 857 709 cognoscentes
882 674 914 699 et
939 670 1058 700 scisma
1083 668 1184 699 modis
1209 668 1357 699 omnibus
1383 669 1483 699 vitare
1508 668 1743 705 desiderantes,
1769 674 1801 700 ct
1819 671 2025 712 congregatis

383 721 413 751 in
446 731 543 751 unum
573 721 740 762 utriusque
769 721 868 761 partis
897 721 1121 753 cardinalibus,
1158 720 1197 751 ad
1228 720 1288 750 hoc
1317 720 1446 751 tandem
1480 720 1647 751 consilium
1678 720 1892 759 deduxerunt,
1926 726 1961 752 ut
1984 723 2023 753 ab

386 773 532 803 omnibus
558 773 771 803 communiter
796 773 826 803 in
853 773 949 804 verbo
974 774 1120 803 veritatis
1145 773 1471 813 compi-omitteretur,
1503 772 1587 813 quod
1613 773 1680 803 sine
1705 784 1862 804 consensu
1886 775 2026 805 omnium

380 825 486 855 nullus
512 825 695 865 eligeretun
721 825 815 855 etiam
841 825 866 855 si
892 824 955 855 duo
979 824 1220 855 tantummodo⁰
1245 824 1460 854 dissentirent.
1506 824 1607 854 Facta
1629 824 1725 865 igitur
1742 826 2025 866 compromissione

380 876 410 906 in
444 876 542 907 verbo
579 877 723 907 veritatis
760 880 812 907 etv
841 876 1033 918 quibusdam
1063 875 1102 906 de
1133 876 1284 906 fratribus
1315 876 1345 906 in
1384 876 1442 906 hoc
1472 876 1562 916 quasi
1594 876 1796 906 curatoribus
1830 877 2022 913 constitutis,

381 928 502 958 inventi
528 932 601 958 sunt
626 928 753 969 quidam
778 928 959 959 cardinales
984 932 1162 959 memorata
1186 928 1408 958 coniuratione
1433 927 1591 969 perplexi„
1622 929 1674 969 qui
1699 928 1927 959 cancellarium
1954 939 2025 960 esse

381 980 534 1011 volebant
559 980 753 1021 pontificem,
780 985 810 1011 et
835 992 851 1011 c
877 991 1030 1011 converso
1056 980 1177 1010 inventi
1203 984 1277 1010 sunt
1303 980 1356 1010 alii
1382 980 1421 1010 ab
1447 980 1501 1010 illa
1527 980 1749 1011 coniuratione
1767 981 1896 1021 penitus
1916 981 2024 1019 alieni,

380 1032 433 1071 qui
458 1030 611 1061 volebant
636 1031 800 1062 dominum
825 1032 1039 1062 Octavianum
1066 1031 1273 1062 cardinalem.
1322 1032 1428 1072 Atque
1453 1032 1483 1061 in
1509 1031 1569 1062 hoe
1599 1033 1764 1073 proposito
1789 1036 1925 1073 utraque
1951 1043 2024 1074 pars

381 1083 472 1113 firma
497 1083 676 1114 videbatur.
725 1083 773 1113 Illi
803 1084 887 1114 enim
912 1094 1008 1113 unum
1034 1083 1072 1113 de
1098 1083 1283 1115 coniuratis,
1316 1084 1398 1113 sicut
1422 1084 1685 1121 conimaverant,
1716 1084 1896 1124 querebant
1919 1084 2024 1125 ponti-

379 1135 487 1170 ficem,
521 1135 572 1165 isti
603 1146 678 1166 vero
710 1148 726 1165 e
758 1135 916 1166 contrario
948 1135 1062 1165 sceleri
1100 1140 1164 1165 tarn
1196 1135 1319 1165 nefario
1356 1135 1510 1165 resistere
1541 1135 1736 1166 nitebantur.
1789 1134 1897 1170 Quare
1929 1135 2024 1166 huius

380 1187 479 1227 partis
516 1186 713 1223 cardinales,
751 1187 923 1217 scissuram
955 1187 1111 1217 ecclesiae
1144 1190 1325 1217 metuentes
1363 1190 1394 1217 et
1422 1187 1667 1228 promissionem
1700 1187 1731 1217 in
1767 1187 1864 1218 verbo
1894 1187 2024 1218 Domini

378 1238 498 1269 factam
525 1239 710 1269 memoriter
734 1240 921 1272 retinentes,
949 1239 1116 1269 consilium
1142 1238 1311 1271 dederuut,
1336 1241 1371 1268 ut
1395 1237 1454 1269 deq
1478 1249 1618 1279 persona
1635 1242 1790 1269 extranea
1807 1242 1968 1280 ageretun
1987 1249 2024 1270 eo

380 1290 464 1330 quod
496 1302 535 1321 ex
565 1290 780 1321 cardinalibus
813 1291 928 1331 aliquis
961 1291 1028 1320 sine
1058 1290 1217 1320 discordia
1248 1290 1324 1331 eligi
1348 1300 1410 1320 non
1435 1301 1530 1331 posse
1558 1290 1735 1320 videbatur.
1783 1290 1868 1321 Huic
1894 1291 2025 1321 consilio

379 1343 536 1373 coniurati
569 1343 754 1373 cancellarii
788 1354 822 1373 se
853 1343 936 1374 velle
971 1343 1177 1383 acquiescere
1209 1342 1410 1379 simulantes,
1445 1342 1519 1372 dum
1548 1342 1600 1372 isti
1630 1342 1659 1372 in
1692 1342 1866 1372 crastinum
1897 1341 2026 1373 differre

379 1394 556 1424 voluissent
586 1395 763 1426 consilium.
794 1394 923 1435 quidam
949 1405 990 1425 ex
1016 1394 1092 1435 ipsis
1118 1394 1335 1424 cardinalibus
1361 1394 1545 1429 coniuratis,
1571 1397 1679 1423 manto
1703 1394 1820 1424 furtivo
1847 1394 2025 1435 conquisito

379 1445 562 1476 Romanum
588 1446 816 1476 cancellarium
842 1446 909 1476 sine
934 1446 1068 1476 fratrum
1094 1457 1255 1476 consensu
1286 1446 1392 1476 subito
1422 1444 1554 1475 induere
1580 1445 1760 1476 voluerunt.
1808 1444 1951 1480 Quorum
1976 1446 2024 1476 in-

377 1498 478 1528 tentio
504 1502 615 1539 utpote
641 1497 833 1528 execrabilis
859 1508 921 1527 non
946 1501 996 1528 est
1021 1498 1134 1528 sortita
1159 1498 1321 1530 effectum,
1346 1498 1446 1538 quia‘,
1471 1497 1587 1527 saniori
1614 1501 1646 1527 et
1668 1497 1792 1527 meliori
1811 1501 1900 1538 parte
1919 1497 2022 1527 cardi-

378 1550 496 1580 nalium
522 1549 722 1591 prohibente,
748 1549 973 1580 cancellarium
998 1560 1055 1590 per
1084 1554 1225 1579 mantum
1251 1549 1339 1579 nullo
1365 1549 1458 1579 modo
1484 1549 1670 1589 tetigerunt.
1711 1548 1943 1579 Verumtamen
1967 1560 2025 1590 per

377 1611 432 1630 eos
458 1612 517 1631 non
543 1601 706 1632 remansit.
755 1600 836 1631 Cum
862 1601 959 1642 igitur
984 1611 1040 1642 per
1065 1601 1247 1631 huiusmodi
1279 1601 1425 1631 iniuriam
1451 1604 1483 1631 et
1511 1601 1809 1642 praesumptionem
1834 1604 1923 1631 secta
1948 1611 2022 1631 can-

378 1653 499 1683 cellarii
526 1653 557 1683 in
582 1653 757 1694 periurium
780 1652 956 1684 decidisset
974 1676 1132 1684 .......

597 1798 671 1829 188.
707 1799 854 1830 (τἘΞΤΑ
885 1798 1097 1830 CONCILII
1117 1798 1370 1830 PAPIENSIS.
1418 1800 1528 1837 (1160.
1554 1798 1644 1829 Febr.
1662 1799 1802 1836 :3—11.)

480 1860 595 1890 Restat
612 1861 645 1890 m
664 1860 768 1891 Ges-tis
784 1860 942 1890 [strider-ici
957 1860 976 1892 Z.
996 1860 1018 1890 I
1024 1860 1056 1898 V,
1080 1871 1102 1891 c.
1123 1862 1163 1890 77
1179 1862 1250 1897 (157)
1274 1860 1318 1891 cd.
1338 1860 1441 1891 Waltz
1455 1862 1527 1897 258,
1559 1861 1591 1890 in
1612 1860 1840 1891 rccensionibus
1861 1859 1898 1892 B.
1913 1859 1939 1890 B
1947 1865 1969 1890 *.
1984 1859 2018 1891 O.
2047 1875 2058 1892 :t

1760 1911 1813 1951 (P⁴
1832 1913 1919 1948 121.)

481 1990 572 2021 Haec
603 1993 676 2020 sunt
708 1990 864 2031 capitula,
897 1995 1001 2031 quaea
1031 1989 1062 2019 in
1093 1989 1226 2020 concilio
1252 1989 1374 2030 Papiae
1408 2000 1504 2030 super
1535 1989 1752 2020 electionemb
1783 1989 1888 2020 domni
1918 2000 2020 2031 papae

377 2043 519 2073 Victoris
546 2042 700 2073 canonice
725 2042 861 2083 probata
886 2045 968 2072 sunt.

485 2096 509 2123 1.
535 2093 680 2124 Domnus
705 2092 903 2124 Octavianus
936 2096 968 2123 et
999 2103 1092 2123 nemo
1125 2093 1207 2123 alius
1232 2092 1356 2123 Romae
1386 2093 1416 2122 in
1448 2093 1608 2123 aecclesia
1632 2092 1720 2123 beati
1744 2092 1831 2123 Petri
1862 2093 2019 2133 petitione

2054 731 2078 749 10

2052 1251 2077 1270 20

2052 1510 2075 1528 25

378 2146 487 2187 populi
514 2150 545 2176 et
570 2155 730 2176 consensu
755 2156 791 2175 ac
816 2145 978 2176 desiderio
1001 2145 1078 2175 cleri
1104 2150 1140 2175 ac
1165 2143 1402 2175 cardinalibusd
1427 2147 1533 2174 manto
1559 2144 1782 2185 sollempniter
1800 2148 1849 2174 est
1867 2143 2018 2174 indutus⁹
2045 2154 2070 2173 35.

376 2201 407 2227 et
439 2200 589 2238 presente
620 2197 812 2228 cancellario
845 2200 877 2227 et
908 2207 968 2227 non
997 2196 1237 2227 contradicente
1270 2197 1301 2226 in
1331 2195 1506 2226 kathedra!
1528 2195 1613 2226 beati
1638 2195 1725 2226 Petri
1759 2196 1933 2226 collocatus
1960 2198 2018 2228 cst,

375 2254 407 2280 et
431 2260 449 2280 a
474 2249 691 2280 cardinalibus
716 2252 748 2279 et
773 2249 859 2279 clero
884 2248 1028 2279 Romano
1055 2248 1112 2279 ‘Te
1136 2248 1241 2279 Deum
1266 2247 1445 2279 laudamus’
1471 2248 1694 2289 sollempniter
1719 2248 1747 2277 ei
1772 2250 1934 2278 cantatum
1960 2250 2018 2280 est,

375 2305 406 2331 et
439 2311 556 2331 nomen
588 2301 617 2331 ci
641 2300 754 2330 Victor
786 2301 969 2341 impositum
1003 2304 1060 2331 est.
1113 2300 1164 2331 Ibi
1197 2299 1367 2331 multitudo
1401 2300 1478 2330 cleri
1510 2303 1541 2330 et
1574 2299 1682 2341 populi
1706 2298 1843 2329 Rormani
1869 2299 1955 2329 venit
1979 2297 2018 2328 ad

376 2352 475 2394 pedes
501 2353 580 2385 eius.
627 2352 717 2382 Tunc
736 2353 923 2382 scriniarius
942 2352 1119 2382 secundum
1137 2352 1299 2393 antiquam
1318 2351 1535 2382 Romanorum
1560 2350 1821 2381 consuetudinem
1839 2350 2018 2380 ascendens

375 2404 405 2434 in
431 2405 544 2435 altum.
577 2415 654 2435 voce
679 2414 797 2445 magna
822 2404 972 2434 clamavit
995 2403 1035 2434 ad
1059 2403 1214 2445 populum
1238 2403 1365 2433 dicens:
1397 2402 1543 2440 ⁴Audite,
1576 2403 1662 2433 cives
1687 2402 1822 2432 Romani
1852 2405 1884 2432 et
1907 2404 2016 2431 coetus

375 2456 420 2486 rei
445 2456 609 2497 publicae!
658 2455 808 2487 Secunda
835 2455 915 2486 feria
946 2458 1038 2498 pater
1062 2459 1174 2486 noster
1198 2455 1358 2486 Adrianus
1387 2459 1532 2485 mortuus
1557 2457 1614 2489 est,
1642 2457 1673 2484 ct
1698 2454 1844 2495 proximo
1870 2453 2017 2494 sequenti

376 2507 511 2538 sabbato
537 2507 671 2538 domnus
697 2507 894 2538 Octavianus
920 2507 1092 2538 cardinalis
1111 2506 1251 2538 Sanctae
1278 2506 1419 2537 Ceciliae
1444 2506 1475 2536 in
1493 2506 1673 2536 Romanum
1691 2505 1875 2546 pontificem
1896 2505 2017 2535 clectus

2045 2414 2071 2432 ⁴ss

479 2602 540 2627 IS?-
565 2602 583 2627 ¹)
604 2603 713 2634 imperiis
732 2602 755 2626 2.
844 2607 875 2631 ¹¹¹)
895 2603 962 2627 dces!
980 2602 1003 2627 ζ).
1092 2602 1115 2631 ¹1)
1135 2603 1330 2634 apostolicatum
1350 2601 1373 2626 ⁶2.
1449 2601 1473 2631 0)
1492 2605 1592 2626 tautum
1612 2601 1691 2625 modis
1710 2599 1733 2624 2.
1805 2601 1829 2624 m
1847 2609 1861 2624 a
1880 2600 1941 2625 add.
1959 2599 1979 2624 1.
1993 2599 2017 2624 i).

373 2652 396 2672 Ἣ
416 2646 438 2670 ‹l'
458 2655 488 2669 cx
510 2646 535 2671 l:
556 2645 584 2669 d²
603 2655 633 2669 ex
652 2646 675 2673 2„
697 2646 737 2669 uhi
755 2645 784 2670 (ΓΕ
804 2646 834 2669 ab
853 2646 906 2669 alia
927 2654 1005 2669 νιιηιειι
1025 2646 1124 2669 illatum
1143 2650 1184 2670 pst.
1273 2646 1294 2676 ι”)
1313 2646 1380 2677 quod
1399 2644 1422 2669 ⁸2.

479 2696 541 2721 188.
565 2696 588 2729 3)
608 2697 706 2728 reliqua
727 2706 773 2721 0711,
790 2698 820 2721 A.
909 2697 933 2725 1))
953 2698 1075 2721 electione
1096 2697 1141 2721 B'.
1231 2698 1252 2723 v)
1272 2706 1300 2721 :u-
1321 2697 1351 2721 R.
1372 2696 1418 2721 It&
1507 2695 1531 2727 ¹¹)
1552 2696 1719 2720 cardinalium
1734 2695 1757 2718 J}
1770 2694 1793 2718 ²2.
1865 2697 1887 2719 e)
1907 2694 1957 2719 iud.
1977 2698 2014 2718 est
2042 2705 2066 2723 45

373 2741 417 2763 sol.
439 2741 493 2764 (sb-².
582 2739 604 2767 s)
624 2741 773 2764 kathedram
795 2741 817 2763 ],¹
833 2740 852 2764 l.

478 2817 501 2843 1)
524 2816 563 2847 (Υ.
584 2816 678 2841 Psalm.
700 2820 771 2848 2555.
