2205 3072
319 208 378 237 624
785 202 950 229 SYNODUS
971 202 1244 228 ALTHEIMFJNSIS.
1283 203 1341 228 916.
1376 203 1424 228 Nr.
1437 202 1495 228 433.

320 295 350 321 et
375 301 458 331 aqua
489 290 663 330 aceipiant3
697 293 769 330 post
800 289 884 319 aliud
914 300 987 319 vero
1021 289 1212 320 sexennium
1247 289 1441 329 penitentiae
1468 289 1806 320 subicianturacriori
1837 292 1869 319 et
1897 289 1959 319 alio

318 353 400 372 anuo
426 342 682 371 communionem
708 341 776 370 sine
794 340 955 370 oblatione
980 340 1168 381 percipiant,
1195 343 1228 370 ut
1245 340 1375 381 expleto
1394 340 1551 371 decennio
1570 341 1826 370 communionem
1845 350 1957 370 conse-

317 396 462 433 quantur.
510 393 575 422 Alii
600 396 708 422 autem
733 391 901 422 duodecim
926 402 1028 421 annos
1053 392 1105 422 vel
1129 391 1240 421 XIIII.
1288 391 1329 421 Et
1354 392 1385 422 in
1410 392 1470 422 hoc
1495 392 1712 430 consentiunt,
1736 394 1771 421 ut
1794 401 1957 432 nunquam

318 454 446 474 carnem
471 443 641 473 comedant
666 443 717 473 vel
742 443 848 472 viuum
874 443 985 473 bibant
1009 443 1156 473 omnibus
1181 442 1295 473 dicbus
1320 443 1405 473 vitae
1430 453 1517 473 suae.

419 494 545 524 XXIII.
577 494 629 524 De
662 504 705 524 eo
739 494 801 534 qui
835 494 1097 524 iuramentum
1129 494 1234 534 regis
1265 494 1397 525 violat.
1450 493 1482 524 Si
1513 495 1582 534 quis
1611 494 1711 524 laicus
1740 494 1954 524 iuramentum

318 545 465 575 violando
502 546 655 586 profanat7
692 545 778 585 quod
809 545 876 585 regi
908 548 940 575 et
969 544 1097 575 domino
1123 556 1179 575 suo
1214 545 1307 583 iurat,
1343 548 1375 575 et
1406 545 1608 586 postmodum
1633 556 1785 586 perverse
1810 545 1864 575 1ηΧ
1889 545 1959 575 eius

317 607 450 637 regnum
477 600 508 626 et
531 596 643 626 dolose
669 596 699 626 in
725 599 881 626 mortemx
906 596 1012 636 aliquo
1031 596 1292 626 machinamento
1309 596 1489 633 insidiatur⁷
1515 597 1591 637 quia
1609 596 1816 637 sacrilegium
1834 596 1960 637 peragit

294 658 444 684 ⁵manum
469 658 558 677 suam
584 648 614 677 in
639 647 793 677 christum
817 646 945 677 Domini
970 647 1111 683 mittens,
1144 647 1316 677 anathema
1340 648 1396 685 sit,
1430 648 1491 677 nisi
1525 658 1582 688 per
1606 647 1737 688 dignam
1762 648 1958 688 penitentiae

316 699 568 729 satisfactionem
599 698 828 735 emendaverit,
861 699 954 728 sicuti
985 699 1192 728 constitutum
1226 710 1244 728 a
1276 702 1407 729 sanctay
1437 698 1558 740 synodo
1591 702 1649 736 est,
1682 699 1713 729 id
1738 702 1788 729 est
1813 699 1957 730 seculum

316 750 485 791 relinquat,
516 760 604 780 arma
633 749 783 790 deponat7
816 750 846 779 in
876 750 1107 779 monasterium
1134 754 1186 779 eat
1218 753 1249 780 et
1279 750 1420 790 peniteat
1444 750 1591 780 omnibus
1616 750 1731 781 diebus
1756 751 1840 781 vitae
1866 760 1955 787 suae,

315 805 534 831 verumtamen
566 801 823 831 communionem
854 801 884 830 in
916 801 1006 830 exitu
1032 800 1116 831 vitae
1142 811 1212 830 cum
1246 801 1443 831 eucharistia
1468 801 1614 842 accipiat.
1661 801 1845 842 Episcopus
1871 811 1957 838 vero,

315 852 476 893 presbiter
501 852 549 881 vel
574 851 726 882 diaconus
753 852 778 881 si
804 852 863 882 hoe
889 852 1010 882 crimen
1034 855 1228 892 pcrpct1·at⁷‘‚
1255 852 1460 893 degradetur.
1503 853 1584 883 Item
1605 856 1735 882 sanctus
1754 852 1957 893 Augustinus

315 904 404 933 dicit:
437 904 555 944 ‘Siquis
586 903 686 933 laicus
713 914 769 944 per
793 902 1001 943 cupiditatem
1027 903 1164 944 peiurat,
1196 906 1280 933 totas
1306 914 1356 933 res
1383 914 1457 934 suas
1484 903 1600 934 vendat
1625 908 1656 934 ct
1682 903 1854 934 distribuat
1879 913 1956 944 pau-

316 956 445 997 peribus
479 959 509 985 et
540 965 716 985 conversus
752 955 781 984 in
818 955 1011 985 monasterio
1043 955 1163 985 serviat
1187 954 1289 985 D001.
1337 955 1379 985 Et
1411 956 1438 985 si
1469 956 1540 996 quis
1572 955 1778 996 peiuraverit,
1808 955 1892 985 ultra
1916 954 1956 985 ad

315 1010 552 1037 sacramentum
577 1017 638 1036 non
663 1005 891 1037 2ul1nittatur’2.

416 1057 560 1087 XXIIII.
592 1057 645 1087 De
677 1058 865 1098 episcopo
898 1067 964 1097 per
992 1057 1120 1087 dolum
1152 1060 1263 1098 capto
1295 1060 1333 1095 et¹
1364 1057 1534 1098 peiurio.
1589 1056 1741 1098 Quisquis
1767 1068 1824 1099 per
1849 1057 1955 1088 dolum

313 1109 410 1138 mittit
434 1119 562 1138 manum
589 1119 678 1138 suam
698 1109 727 1138 in
746 1108 898 1138 christum
917 1107 1056 1143 Domini,
1083 1108 1272 1149 episcopum
1292 1109 1449 1145 videlicet,
1475 1112 1598 1149 patrem
1619 1112 1650 1139 et
1673 1112 1834 1150 pastorem
1853 1120 1957 1145 suum,

315 1160 388 1199 quia
421 1159 625 1199 sacrilegium
655 1160 838 1195 committit,
875 1163 906 1189 ct
938 1160 990 1199 qui
1023 1160 1194 1189 eeclesiam
1226 1160 1286 1190 Dei
1319 1160 1466 1191 devastat
1498 1164 1529 1191 et
1562 1161 1714 1194 incendit,
1745 1161 1819 1201 quia
1843 1164 1875 1191 et
1898 1160 1957 1190 hoc

314 1211 516 1250 sacrilegium
549 1215 612 1247 cst.
645 1211 714 1241 vcl³
738 1211 791 1251 qui
824 1211 1015 1241 monachum
1041 1211 1092 1241 vel
1118 1211 1334 1252 presbiterum
1359 1212 1530 1247 occiderit,
1563 1215 1595 1242 et
1620 1213 1671 1253 qui
1697 1213 1840 1253 periurat
1870 1215 1901 1242 ct
1926 1212 1956 1241 in

313 1263 479 1292 interitum
505 1262 610 1292 domni
637 1263 684 1292 sui
703 1263 789 1302 regis
807 1262 953 1299 intendit,
980 1263 1029 1292 vel
1055 1262 1130 1303 pcrb
1156 1263 1365 1304 cupiditatem
1388 1264 1549 1301 iuraverit,
1576 1264 1625 1294 vel
1644 1263 1849 1304 parricidium
1867 1274 1952 1293 com-
1983 1268 1994 1286 ‘2

314 1308 429 1343 mittita
453 1332 489 1335 —
513 1314 634 1355 placuit
658 1317 788 1343 sanctae
814 1314 945 1354 synodo,
971 1317 1004 1343 ut
1029 1314 1058 1343 in
1083 1325 1146 1344 uno
1172 1315 1252 1350 loco,
1278 1315 1308 1345 id
1327 1319 1377 1345 est
1394 1316 1602 1354 monasterio,
1628 1316 1792 1356 peniteatc
1810 1314 1958 1345 omnibus

312 1365 425 1395 diebus
449 1366 533 1395 vitae
558 1376 646 1401 suae,
672 1365 742 1395 veld
767 1365 833 1395 XII
858 1375 959 1395 annos
978 1365 1139 1395 districte⁰
1164 1367 1318 1406 peniteat,
1344 1366 1521 1397 secundum
1539 1377 1690 1402 canones,
1716 1370 1781 1397 tres
1805 1377 1906 1397 annos
1925 1367 1957 1396 in

313 1427 405 1457 pane,
430 1417 496 1447 sale
523 1420 554 1447 et
578 1427 670 1457 aqua,
696 1427 714 1446 a
739 1427 834 1446 carne
860 1426 934 1446 vcro
960 1420 991 1446 ct
1016 1417 1089 1446 vino
1115 1417 1263 1447 omnibus
1289 1417 1401 1447 diebus
1426 1418 1511 1448 vitae
1539 1429 1616 1448 suae
1643 1418 1816 1449 abstineat.

414 1468 518 1498 XXV.
551 1468 604 1498 Dc
640 1468 885 1498 discretione
922 1468 1173 1508 peiuriorum.
1233 1468 1312 1503 Qui⁰
1350 1470 1453 1499 sciens
1487 1473 1517 1500 ct
1549 1470 1747 1500 voluntariae
1781 1470 1955 1511 periurium

311 1519 432 1555 feccrit.
458 1519 522 1549 VII
547 1530 647 1549 annos
672 1519 818 1560 peniteat
844 1519 1018 1549 secundum
1045 1530 1184 1550 canones
1196 1520 1216 1552 ³:
1243 1521 1296 1561 qui
1321 1521 1441 1551 inscius
1461 1522 1510 1552 vel
1537 1521 1701 1559 seductus,
1727 1525 1792 1552 tres
1816 1521 1954 1562 quadra—

311 1571 450 1610 gesimas
476 1571 506 1600 in
531 1582 624 1611 panc,
650 1571 716 1601 sale
742 1575 773 1601 et
797 1581 895 1611 aqua:
921 1571 946 1600 si
971 1571 1042 1611 quis
1068 1575 1197 1601 coactus
1222 1582 1278 1612 pro
1303 1573 1368 1602 vita.
1393 1572 1591 1610 redimenda,
1616 1572 1667 1602 III
1691 1572 1954 1613 quadragesimas

312 1626 344 1652 et
367 1622 530 1662 legitimas
556 1623 667 1655 ferias:
691 1623 717 1652 si
742 1633 797 1663 pro
822 1622 886 1653 alia
910 1623 1019 1663 aliqua
1045 1624 1248 1654 necessitatis
1267 1634 1375 1662 causa,
1399 1624 1449 1654 III
1468 1635 1578 1661 annos7
1604 1635 1701 1655 unum
1719 1625 1749 1654 in
1768 1635 1861 1666 pane,
1889 1624 1956 1654 sale

312 1676 342 1703 et
366 1684 458 1714 aqua.
505 1673 567 1708 Qui
592 1674 766 1714 conpulsus
785 1685 803 1704 a
820 1674 950 1704 domino
972 1685 1040 1708 suo,
1065 1675 1092 1705 si
1109 1685 1231 1709 servus,
1256 1675 1306 1705 III
1324 1675 1589 1716 quadragesimas
1613 1680 1645 1706 et
1662 1676 1823 1716 legitimas
1840 1676 1955 1711 ferias;

312 1726 364 1765 qui
389 1728 497 1755 autem
522 1725 633 1755 feccrit
658 1728 690 1755 et
714 1726 794 1755 alios
824 1725 1001 1761 seduxerit,
1033 1726 1099 1756 XII
1123 1737 1223 1756 annos
1248 1727 1392 1757 districte
1421 1728 1566 1768 peniteat
1598 1727 1775 1758 secundum
1800 1738 1954 1762 canones,

313 1777 362 1807 vel
387 1778 530 1807 seculum
558 1777 717 1817 rto-linquat
742 1777 832 1807 iuxta
856 1777 1075 1815 Ambrosium,
1108 1781 1139 1808 et
1164 1779 1283 1808 serviat
1307 1778 1377 1809 Deo
1403 1779 1578 1809 secundum
1604 1778 1832 1819 Augustinnm.
1879 1778 1958 1814 Quif

313 1828 462 1867 ignorans
488 1828 645 1868 peiurium
670 1829 755 1863 facit,
781 1828 794 1857 I
812 1839 941 1867 annum7
967 1830 1019 1870 qui
1038 1830 1241 1869 ignorantem
1261 1831 1366 1860 sciens
1384 1831 1414 1860 in
1433 1831 1590 1871 peiurium
1610 1830 1746 1865 duxerit,
1773 1830 1837 1860 VII
1855 1841 1956 1861 annos

312 1879 467 1910 districte:
493 1879 544 1919 qui
573 1890 646 1909 vero
672 1880 864 1920 suspicatur„
889 1881 974 1920 quod
1000 1881 1029 1910 in
1056 1882 1213 1922 peiurium
1238 1881 1384 1919 ducatur⁷
1410 1884 1518 1912 tamen
1543 1882 1626 1912 iuret
1651 1892 1707 1923 per
1730 1892 1922 1912 consensum
1934 1882 1956 1919 4,

313 1930 360 1959 III
387 1941 498 1967 annos,
524 1931 539 1960 I
564 1931 593 1960 in
620 1942 712 1971 pane,
737 1941 820 1971 aqua
844 1935 875 1961 et
900 1932 967 1961 sale
993 1933 1146 1972 peniteat.
1193 1932 1284 1963 Haec
1310 1943 1384 1963 vero
1411 1933 1517 1963 omnia
1542 1933 1711 1963 humanius
1735 1933 1893 1963 diliniunt.

416 1982 539 2012 XXVI.
573 1982 628 2012 De
659 1983 823 2013 clericis
847 1984 1043 2023 fugitivis.
1093 1984 1230 2014 Sanctus
1256 1984 1432 2024 Gregorius
1457 1984 1545 2015 dicit:
1580 1984 1752 2015 *Clericum
1777 1985 1955 2025 fugientem

314 2033 353 2062 ab
379 2033 540 2063 ecclesi-ag
565 2034 616 2063 vel
640 2033 768 2063 domino
794 2035 922 2075 proprio
948 2038 978 2064 et
1003 2035 1167 2065 nolentem
1192 2035 1319 2073 reverti.
1350 2035 1528 2066 iudicamus
1553 2036 1800 2066 communioneh
1825 2037 1951 2077 privari.

313 2084 523 2124 quoadusque
549 2084 587 2115 ad
614 2086 775 2125 propriam
801 2086 972 2116 ecclesiam
992 2086 1040 2116 vel
1065 2086 1104 2116 ad
1129 2086 1291 2117 dominum
1319 2098 1410 2117 suum
1430 2087 1561 2118 redeat'.
1601 2087 1643 2117 Et
1665 2087 1757 2117 item:
1784 2087 1955 2118 ⁸Clericu1n

312 2135 480 2175 fugitivum
514 2146 571 2165 suo
604 2137 755 2177 episeopo
787 2137 837 2167 vel
867 2137 1007 2167 dominoi
1040 2137 1244 2168 decernimus
1278 2139 1455 2179 apostolica
1480 2140 1640 2169 sententia
1671 2139 1796 2169 restitui
1822 2139 1873 2169 vel
1898 2150 1954 2169 ex-

313 2188 554 2222 communicari„
579 2198 643 2217 una
667 2188 759 2217 cumk
785 2199 823 2218 eo
848 2192 879 2218 et
903 2189 975 2218 illos
999 2190 1052 2229 qui
1076 2190 1104 2219 ei
1130 2190 1458 2221 communicaverinff.

415 2238 557 2269 XXVII.
588 2238 643 2269 De
678 2239 734 2269 his
768 2241 830 2280 qui
862 2241 1242 2271 communicaverint
1273 2242 1637 2272 excommunicatis.
1685 2242 1719 2272 Si
1743 2242 1812 2283 quis
1838 2245 1953 2283 sponte

314 2290 596 2320 comnmnieavcrit
631 2292 910 2321 excommunicato
943 2293 1051 2327 verbo,
1084 2293 1237 2326 oratione,
1268 2294 1298 2323 in
1328 2294 1398 2323 cibo
1428 2293 1476 2324 vel
1507 2296 1593 2334 potu.
1623 2293 1681 2323 XL
1712 2293 1780 2323 dies
1810 2295 1953 2334 peniteat

314 2342 342 2371 in
369 2352 462 2381 pane5
487 2342 553 2371 sale
579 2345 611 2371 et
635 2353 726 2382 aqua.
774 2342 834 2376 Qui
854 2354 928 2373 vero
954 2344 1000 2373 eis
1026 2345 1312 2375 communicaverit
1336 2345 1367 2374 in
1386 2344 1564 2375 homicidiis
1583 2345 1633 2375 vel
1656 2345 1799 2385 flagitiis,
1826 2345 1953 2375 volens¹

314 2393 381 2422 sive
417 2393 536 2429 nolens,
572 2404 644 2423 reus
675 2394 761 2423 erit¹¹¹
792 2394 857 2424 irae
889 2397 920 2424 et
944 2394 1106 2425 vindictae
1137 2394 1197 2425 Dei
1227 2396 1454 2436 omnipotentis
1480 2406 1575 2436 quem
1607 2397 1742 2436 spernit2
1775 2397 1849 2437 quia
1874 2396 1954 2427 haec

416 2494 479 2519 133.
505 2497 530 2519 Χ)
550 2496 604 2519 locu
624 2496 648 2519 in
670 2510 700 2513 —
720 2499 824 2520 mortem
846 2497 879 2520 B:
899 2498 953 2520 eius
974 2506 1079 2529 regnum
1099 2502 1124 2521 et
1143 2498 1228 2522 dolose
1249 2500 1399 2523 tractaverit
1417 2503 1442 2523 et
1461 2499 1485 2522 in
1506 2502 1610 2522 mortem
1625 2500 1712 2530 ipsius.
1783 2500 1807 2530 y)
1826 2504 1913 2524 sancto
1933 2509 1953 2523 c.

314 2543 335 2563 Ι)
357 2540 537 2570 perpetraverit
558 2539 589 2562 B.
713 2544 735 2569 a)
756 2540 794 2563 vel
818 2553 844 2556 ᾖ
867 2541 1000 2564 committit
1019 2541 1068 2564 eles.
1085 2541 1113 2564 B.
1232 2540 1254 2563 b‘,
1274 2542 1395 2573 supplevi.
1501 2542 1524 2571 υ)
1545 2543 1655 2573 peniteat
1675 2556 1706 2558 —
1726 2543 1838 2566 districte
1856 2542 1907 2566 des.
1928 2542 1953 2566 C.

313 2580 336 2605 ιῙΙ
357 2581 455 2611 reliqttvr.
475 2582 564 2611 capitis
583 2582 632 2605 des.
648 2582 679 2605 B.
785 2588 806 2613 υ)
829 2592 909 2607 rocem
929 2584 1051 2614 supplerit
1071 2583 1153 2613 Perta,
1172 2584 1237 2607 (lensi
1256 2593 1292 2611 cn:
1316 2585 1336 2608 si
1356 2585 1413 2616 quis
1434 2585 1459 2608 C.
1566 2584 1588 2615 f)
1609 2593 1675 2616 quae
1695 2594 1714 2608 c.
1821 2584 1846 2616 g)
1866 2594 1887 2609 e.
1906 2594 1952 2609 sua

314 2624 352 2646 vcl
372 2632 472 2647 servum
493 2624 631 2655 fugientem
651 2625 778 2648 dominum
800 2626 927 2656 proprium
947 2629 972 2649 et
986 2625 1020 2654 153
1040 2635 1060 2649 e.
1080 2635 1127 2650 sua
1147 2626 1185 2649 vel
1206 2635 1306 2650 servum
1326 2628 1454 2658 proprium
1473 2628 1602 2651 dominum
1623 2627 1648 2650 (J.
1721 2625 1745 2656 l¹)
1765 2628 1919 2651 conluuione
1932 2637 1952 2651 c.

312 2668 329 2693 ¹)
350 2675 396 2690 suo
416 2666 475 2689 aad.
490 2666 520 2690 J).
608 2665 632 2695 k)
654 2676 676 2690 u.
698 2676 755 2691 cum
776 2668 824 2691 illis
844 2669 886 2699 qni
905 2668 935 2691 B.
953 2669 978 2691 U.
1067 2667 1084 2697 ¹)
1105 2668 1153 2692 vol.
1173 2669 1226 2692 sive
1245 2669 1333 2693 nolens
1353 2670 1401 2693 (les⁴
1420 2670 1445 2694 (¹.
1533 2670 1564 2697 ¹¹¹)
1582 2670 1617 2693 ait
1638 2670 1663 2694 C.

418 2760 440 2786 l)
462 2759 501 2789 Cf.
524 2759 682 2791 Ifcrsinoncm
700 2760 751 2784 *Dc
769 2760 936 2793 synodalibus
955 2761 1053 2785 raus-is·
1072 2761 1113 2786 lib.
1134 2761 1171 2791 Il,
1186 2764 1242 2786 333
1314 2763 1340 2788 2>
1362 2762 1401 2793 Cf.
1417 2761 1474 2787 ibid.
1490 2762 1527 2794 II,
1541 2765 1593 2787 331,
1665 2763 1691 2790 3)
1713 2762 1752 2793 Cf.
1768 2761 1826 2787 ibid.
1842 2762 1881 2794 ΙΙ,
1896 2765 1952 2787 330.

313 2802 339 2826 l)
361 2801 400 2831 (Υ.
422 2801 480 2826 ibid.
501 2801 539 2832 II,
555 2805 610 2827 5532.

1986 757 2009 774 10

1986 1012 2008 1030 15

1984 1529 2007 1547 25

1984 1790 2008 1808 30

1980 2307 1992 2325 4
1995 2308 2006 2323 o

1979 2588 2003 2606 45
