2205 3072
330 173 389 203 300
417 160 423 165 '
735 169 917 196 FRIDERIOI
936 170 956 196 1.
976 169 1297 196 CONSTITUTIONES.
1338 170 1408 195 1162.
1446 169 1492 195 ΝΥ.
1507 169 1566 195 213.

329 256 432 297 cipem
464 256 561 287 nichil
590 257 693 297 magis
718 267 812 298 quam
838 257 1015 288 clemencia
1038 257 1142 295 decet,
1174 256 1265 287 cuius
1291 257 1435 295 consilia,
1466 257 1555 287 euius
1580 267 1679 298 opera
1707 256 1738 287 in
1763 257 1912 288 omnibus
1938 260 1970 288 et

330 318 386 349 per
410 308 517 338 onmia
541 318 582 338 ex
606 308 802 339 clemenciae
833 308 1002 339 dulcedine
1034 318 1161 349 semper
1193 307 1313 338 debent
1338 308 1527 338 exuberare.
1572 307 1640 338 Nos
1665 308 1764 349 igitur
1786 312 1969 340 nostrorum

332 363 574 390 antecessorum
600 359 744 390 divorum
769 363 978 401 augustorum
1002 370 1114 400 regum
1140 363 1173 390 et
1199 359 1429 400 imperatorum
1454 359 1591 390 honesta
1614 360 1766 401 exempla
1783 364 1968 402 sequentes,

329 411 380 451 qui
407 411 551 442 civitates
583 411 754 452 preclaras,
784 422 862 452 quas
892 412 1025 453 imperio
1056 414 1088 442 et
1119 411 1179 441 sibi
1204 410 1317 441 fideles
1341 411 1483 451 ipsarum
1509 421 1614 441 rerum
1639 412 1843 453 experientia
1867 413 1967 443 fuisse

330 462 517 499 didicerant,
548 463 661 493 maiori
692 463 810 494 affectu
840 463 1024 494 dilexerunt
1055 465 1087 493 et
1116 462 1265 503 congruis
1296 462 1472 493 honoribus
1503 473 1630 504 semper
1655 463 1852 501 ditaverunt,
1882 463 1968 495 idem

328 524 451 555 sapere,
482 514 512 545 id
545 514 648 556 ipsum
679 518 710 545 et
734 515 842 545 facere
871 516 942 556 pio³
966 515 1035 545 zelo
1059 514 1266 552 intendimus7
1295 515 1446 556 ipsasque
1472 515 1631 554 civitates,
1655 515 1755 556 quasb
1778 515 1859 546 fides
1883 526 1968 546 com-

330 565 461 596 mendat
491 569 522 596 et
552 567 815 607 perseverantiae
846 566 1032 597 constancia
1061 566 1209 603 illustrat,
1242 576 1303 596 non
1337 566 1452 596 minori
1485 567 1588 607 gratia
1616 567 1724 598 fovere
1757 568 1909 609 amplecti
1939 571 1971 599 et

331 616 467 658 diligere
492 617 705 648 decrevimus.
794 617 842 659 (2)
870 618 958 649 Inter
987 628 1064 659 quas
1094 618 1244 659 quoniam
1270 617 1433 648 civitatem
1457 618 1648 649 Ravennam
1679 622 1859 660 temporum
1884 619 1968 650 anti·

331 670 453 709 quitate
484 672 515 699 et
544 669 700 700 honorum
730 669 886 711 dignitate
917 674 949 701 et
982 680 1115 711 operum
1150 670 1340 701 strenuitate
1377 670 1516 711 fideique
1547 671 1731 702 sinceritate
1761 682 1817 712 pre
1847 671 1969 702 cunctis

331 720 513 751 civitatibus
538 721 652 752 Italiae
677 721 851 762 gloriosam
877 725 909 752 et
932 722 1089 752 famosam
1108 732 1236 763 semper
1253 722 1353 752 fuisse
1372 721 1562 757 audivimus.
1589 727 1620 753 et
1637 723 1723 753 circa
1740 723 1968 754 exaltationem

331 773 505 813 imperialis
531 783 669 803 coronae
692 772 765 809 fide,
791 774 931 803 meritis⁰
956 776 988 803 et
1012 774 1158 814 preclara
1183 784 1316 814 operum
1334 773 1516 805 exibicione
1538 778 1764 815 prepotentem
1790 778 1822 805 et
1839 774 1969 805 ferven-

331 824 441 854 tiorem
471 824 511 855 ab
536 825 665 866 antiquo
692 825 846 855 claruisse
872 825 1029 855 veraciter
1053 825 1282 866 persensimus.
1308 825 1409 866 ipsam
1435 825 1597 856 civitatem
1622 825 1811 857 Ravennam
1837 837 1878 857 ex
1897 837 1972 857 cara

331 876 485 906 cariorem
520 876 672 917 deinceps
704 875 846 907 habered
876 877 1021 918 cupimus
1053 877 1187 917 eiusque
1217 877 1383 907 concives⁹
1412 877 1580 908 universos
1612 881 1702 908 tanta
1731 877 1913 909 dilectionis
1939 881 1970 909 et

331 928 433 968 gratie
458 928 665 969 prerogativa
689 927 838 958 duximus
863 928 1077 966 honorandos,
1101 931 1136 958 ut
1161 928 1243 958 sieut
1267 928 1336 969 ipsa
1361 928 1475 959 civitas
1493 928 1651 960 Ravenna
1675 929 1758 960 inter
1775 930 1854 961 alias
1873 929 1970 961 urbes

332 978 424 1009 Italie
450 983 546 1020 caput
570 990 663 1010 suum
688 990 746 1021 per
770 980 878 1010 titulos
903 979 1033 1010 honoris
1062 979 1322 1020 magnificentius
1349 980 1474 1013 extulit.
1505 980 1550 1011 ita
1574 981 1673 1011 etiam
1696 981 1885 1022 largitiones
1909 981 1968 1012 im-

331 1030 473 1071 periales
498 1035 531 1062 et
556 1031 785 1062 beneficiorum
811 1031 945 1062 donaria
970 1032 1000 1061 in
1026 1042 1065 1062 ea
1089 1031 1287 1072 splendidius
1312 1032 1470 1063 eluceant.
1561 1032 1610 1073 (3)
1636 1032 1816 1074 Eapropter
1833 1043 1969 1074 cognos-

331 1085 404 1112 cant
435 1083 578 1113 universi
611 1083 723 1114 fideles
753 1083 877 1124 imperii
906 1087 1075 1124 presentes
1106 1086 1137 1114 et
1166 1083 1275 1120 futuri,
1309 1083 1392 1124 quod
1416 1083 1626 1115 Ravennates
1651 1094 1772 1122 omnes
1798 1085 1970 1126 capitanei,

332 1134 518 1165 valvasores
537 1137 569 1165 et
587 1145 709 1173 omnes,
734 1134 787 1176 qui
805 1145 866 1165 non
884 1135 1070 1166 iuraverunt
1086 1134 1276 1166 fidelitatem
1294 1135 1410 1166 domno
1435 1136 1619 1177 imperatori
1638 1136 1828 1175 Friderieof,
1853 1136 1973 1168 debent

333 1186 437 1216 iurare
463 1186 545 1217 sicut
570 1186 613 1217 illi
639 1187 692 1228 qui
716 1187 912 1217 iuraverunt.
958 1186 1000 1217 Et
1023 1187 1076 1217 isti
1102 1187 1258 1225 consules,
1285 1187 1337 1228 qui
1363 1187 1456 1218 modo
1481 1188 1575 1229 positi
1600 1191 1674 1218 sunt
1697 1188 1728 1218 in
1745 1188 1911 1227 Ravenna,
1938 1191 1971 1219 et

332 1237 384 1277 qui
416 1238 445 1267 in
470 1242 634 1279 posterum
659 1238 798 1279 ponendi
831 1242 915 1276 sunt,
944 1239 1138 1269 auctoritate
1166 1238 1275 1269 domni
1304 1239 1506 1280 imperatoris
1541 1249 1668 1281 semper
1692 1239 1811 1270 debent
1838 1240 1915 1281 poni
1939 1242 1972 1270 et

332 1292 428 1320 stare.
518 1289 565 1330 (4)
590 1290 798 1321 Ravennates
823 1301 948 1331 quoque
973 1290 1092 1321 debent
1117 1291 1238 1331 eligere
1264 1291 1413 1321 consules
1437 1290 1469 1320 in
1487 1291 1650 1331 presentia
1668 1291 1767 1332 legati
1785 1291 1893 1322 domni
1912 1291 1970 1322 im-

331 1342 499 1382 peratoris.
532 1342 558 1372 si
589 1342 673 1384 apud
704 1353 759 1373 eos
792 1342 899 1375 fuerit.
931 1342 970 1372 ad
1001 1342 1155 1373 honorem
1186 1346 1219 1373 et
1248 1342 1413 1373 servitium
1444 1342 1552 1373 domni
1583 1343 1785 1384 imperatoris
1810 1347 1842 1374 et
1867 1343 1972 1374 salva-

333 1397 476 1423 mentum
506 1397 605 1427 terre:
638 1404 716 1435 quos
747 1394 874 1435 legatus
906 1393 1014 1424 domni
1047 1394 1248 1435 imperatoris
1273 1393 1370 1424 debet
1394 1394 1594 1425 confirmare.
1641 1393 1673 1424 Si
1701 1405 1775 1425 vero
1800 1394 1974 1435 imperator

333 1445 431 1475 fuerit
463 1446 494 1475 in
523 1445 682 1476 Romania
711 1446 761 1476 vel
792 1446 823 1476 in
849 1445 989 1483 Feraria,
1021 1445 1122 1476 maior
1151 1456 1225 1486 pars
1254 1445 1422 1476 consulum
1452 1445 1548 1476 debet
1576 1446 1620 1476 ire
1652 1445 1691 1476 ad
1722 1446 1842 1477 curiam
1866 1446 1973 1477 domni

332 1497 535 1538 imperatoris
569 1500 601 1528 et
631 1497 727 1528 debet
763 1497 911 1538 accipere
945 1497 1169 1528 investituram
1203 1497 1388 1527 consulatus
1418 1497 1458 1528 ab
1494 1497 1698 1538 imperatore.
1752 1497 1845 1532 Quod
1876 1498 1902 1529 si
1937 1498 1968 1528 in

334 1549 494 1580 Romania
520 1549 570 1579 vel
596 1549 626 1579 in
644 1548 777 1580 Feraria
793 1559 857 1579 non
875 1549 982 1587 fuerit,
1007 1549 1200 1590 ubicumque
1223 1549 1320 1579 fuerit
1338 1549 1369 1579 in
1387 1548 1490 1585 Italia,
1516 1549 1577 1579 duo
1595 1549 1634 1579 de
1652 1549 1838 1580 consulibus
1855 1549 1975 1581 debent

333 1601 371 1631 ad
403 1612 474 1631 eum
507 1601 552 1631 ire
583 1605 614 1632 et
638 1600 758 1632 debent
781 1600 820 1631 ab
846 1611 884 1631 eo
910 1601 1055 1642 accipere
1081 1601 1316 1631 investituram.
1362 1600 1456 1635 Quod
1481 1601 1507 1631 si
1532 1601 1695 1642 inperator
1718 1601 1814 1632 fuerit
1839 1601 1869 1631 in
1895 1601 1973 1632 Ala-

332 1653 448 1689 mania,
479 1663 541 1683 non
567 1652 658 1683 ibunt
682 1652 721 1683 ad
747 1653 851 1694 ipsum
881 1663 938 1694 pro
964 1653 1142 1683 consulatu.
1233 1654 1281 1693 (5)
1306 1652 1348 1683 Et
1377 1652 1524 1683 consules
1558 1653 1654 1683 electi
1680 1653 1799 1683 debent
1823 1653 1974 1694 placitum

333 1708 363 1735 et
397 1705 576 1735 districtum
613 1716 670 1746 per
703 1704 855 1735 domnum
889 1705 1119 1746 imperatorum
1157 1708 1267 1735 tenere
1304 1704 1479 1735 seeundum
1519 1704 1636 1734 bonum
1672 1715 1765 1735 usum
1801 1708 1906 1736 terrae
1943 1708 1975 1736 et

333 1756 508 1786 secundum
534 1756 618 1797 quod
643 1757 777 1787 inferius
803 1756 1030 1787 declarabitur.
1077 1756 1119 1787 Et
1142 1757 1168 1787 si
1192 1757 1274 1787 forte
1300 1756 1355 1795 illi⁷
1381 1757 1433 1797 qui
1457 1757 1605 1787 consules
1629 1756 1748 1787 fuerint
1772 1757 1878 1798 positi,
1909 1767 1972 1788 non

332 1809 519 1839 iuraverunt
544 1808 731 1839 fidelitatem
756 1808 872 1839 domno
898 1809 1093 1850 imperatori.
1123 1809 1227 1839 iurare
1252 1808 1381 1839 debent.
1427 1807 1470 1838 Et
1494 1812 1729 1839 sacramentum
1754 1808 1918 1839 fidelitatis
1941 1808 1973 1838 in

332 1861 441 1901 quinto
470 1871 552 1890 anno
582 1870 711 1902 semper
740 1859 859 1891 debent
887 1871 1041 1891 renovare
1067 1871 1085 1890 a
1109 1860 1171 1890 XV
1195 1861 1285 1891 annis
1313 1871 1411 1902 supra
1437 1864 1468 1890 et
1492 1871 1510 1890 a
1533 1860 1626 1891 LXX
1650 1860 1743 1891 infra.
1790 1860 1832 1890 Et
1855 1860 1974 1891 debent

332 1913 447 1949 iurare,
472 1912 579 1942 onmia
604 1912 727 1953 regalia
751 1915 783 1943 et
808 1912 962 1943 iustitiam
987 1916 1019 1943 et
1044 1912 1208 1943 civitatem
1227 1912 1416 1943 Ravennam
1440 1911 1478 1942 ad
1500 1912 1671 1943 servicium
1689 1915 1721 1942 et
1742 1912 1918 1943 honoremg
1943 1916 1974 1943 et

332 1964 519 1994 fidelitatem
550 1963 657 1994 domni
689 1965 891 2006 imperatoris
917 1975 1123 2001 conservare,
1154 1965 1301 2006 exceptis
1327 1965 1487 2006 regalibus
1512 1975 1593 2006 quae
1617 1975 1674 2006 per
1698 1965 1817 1995 iustum
1842 1964 1973 1995 feudum

332 2016 380 2046 vel
412 2026 468 2056 per
501 2016 619 2046 iustum
649 2017 851 2057 privilegium
884 2020 994 2047 tenent
1024 2017 1181 2048 ecclesiae
1206 2016 1380 2048 Ravennae
1410 2020 1440 2047 et
1469 2017 1629 2058 capitanci
1652 2016 1829 2047 Ravennae
1862 2020 1895 2047 et
1918 2016 1971 2046 alii

332 2067 550 2102 Ravennatem
575 2072 639 2098 tam
664 2068 695 2098 in
719 2067 878 2099 Ravenna
895 2079 990 2110 quam
1009 2073 1111 2107 extra,
1137 2069 1284 2110 exceptis
1302 2068 1448 2099 domibus
1466 2079 1547 2110 quae
1566 2069 1597 2099 in
1615 2068 1745 2099 civitate
1764 2073 1796 2099 et
1813 2067 1974 2098 suburbiis

332 2120 363 2149 in
388 2119 551 2161 regalibus
576 2120 678 2161 posite
705 2124 787 2151 sunt.
835 2120 954 2151 Cetera
978 2122 1083 2151 omnia
1107 2121 1239 2162 regalia,
1265 2131 1346 2161 quae
1371 2124 1482 2151 tenent
1506 2120 1713 2151 Ravennates
1738 2120 1769 2150 in
1793 2120 1921 2150 civitate
1940 2123 1973 2150 et

332 2171 417 2206 foris.
442 2172 651 2213 resignabunt
675 2172 789 2202 domno
814 2173 1009 2214 imperatori,
1035 2183 1116 2214 quae
1140 2173 1303 2214 pertinent
1324 2171 1364 2202 ad
1381 2172 1560 2203 districtum
1579 2171 1744 2207 Ravenne,
1770 2175 1801 2202 et
1818 2171 1973 2201 iuvabunt

332 2222 417 2253 bona
440 2223 503 2254 fide
528 2234 721 2265 recuperare
748 2227 779 2254 ct
803 2224 842 2255 ad
872 2224 1037 2255 servitium
1067 2224 1173 2255 domni
1202 2224 1405 2265 imperatoris
1434 2227 1555 2255 tenere.
1646 2223 1691 2263 (6)
1717 2221 1973 2253 Maltollectumh

332 2274 407 2304 licet
430 2274 565 2305 domnus
590 2275 767 2317 imperator
791 2287 832 2306 ex
861 2279 926 2307 toto
951 2287 1007 2317 pro
1032 2276 1133 2317 regali
1164 2276 1287 2306 iustitia
1311 2275 1458 2313 exiereti,
1489 2279 1596 2306 tamen
1621 2285 1676 2316 pro
1700 2274 1861 2316 peticione
1885 2274 1971 2315 prin-

333 2326 439 2367 cipum
465 2330 496 2357 et
520 2326 629 2358 dilecti
648 2327 845 2358 Ravennatis
871 2328 964 2359 electi
991 2332 1024 2359 et
1048 2328 1290 2369 capitaneorum
1310 2331 1341 2358 et
1361 2338 1469 2358 amore
1486 2327 1642 2357 Ravcnne
1668 2326 1831 2356 dimidiam
1849 2328 1973 2366 partem

334 2378 461 2408 comuni
487 2378 624 2409 civitatis
649 2378 804 2410 Ravenne
830 2379 958 2416 dimisit,
984 2381 1118 2411 alteram
1143 2383 1250 2410 autem
1274 2383 1399 2421 partem
1424 2379 1463 2410 ad
1482 2379 1655 2420 specialem
1674 2388 1766 2408 suum
1783 2377 1896 2408 fiscum
1913 2377 1974 2408 sibi

333 2429 474 2459 retinuit.
522 2429 715 2460 l‘ensionem
741 2440 815 2460 vero
840 2432 1049 2461 ecclesiarum
1081 2430 1133 2461 etk
1158 2431 1293 2461 aliorum
1318 2431 1553 2463 Ravennatum.
1584 2428 1692 2470 quam¹
1717 2439 1774 2470 per
1798 2429 1971 2469 neglegen-

334 2480 414 2509 ‹·iam
440 2481 505 2511 sive
531 2492 589 2522 per
612 2481 803 2512 violenciam
830 2482 1037 2513 Ravennates
1063 2493 1164 2524 usque
1190 2482 1284 2513 modo
1310 2494 1372 2513 non
1397 2483 1571 2516 solverunt,
1597 2481 1626 2511 in
1652 2481 1812 2521 integrum
1838 2480 1972 2518 solvant,

333 2536 455 2572 caput¹¹1
485 2536 607 2563 tantum
639 2538 671 2563 ct
700 2534 806 2574 quod¹¹
836 2544 899 2564 non
929 2535 1095 2565 solverunt
1124 2535 1258 2565 domnus
1287 2535 1461 2575 imperator
1491 2534 1536 2564 eis
1561 2533 1700 2565 relaxat,
1732 2533 1776 2562 ita
1800 2531 1882 2572 quod
1908 2542 1971 2562 non

333 2587 445 2613 noceat
479 2584 658 2615 racionibus
691 2595 817 2617 eorum:
850 2597 887 2616 eo
919 2590 1027 2617 tamen
1059 2589 1187 2623 tenore,
1219 2586 1303 2627 quod
1328 2586 1367 2616 de
1392 2589 1498 2616 cetero
1523 2586 1593 2615 iura
1617 2584 1782 2615 enfiteosis
1808 2588 1840 2613 et
1865 2583 1969 2613 cuius-

436 2686 499 2712 213.
525 2692 548 2716 ³)
567 2697 611 2719 pro
628 2688 657 2712 F.
730 2688 753 2714 ”l
775 2690 905 2721 ipsamque
925 2690 1052 2714 civitatem
1073 2699 1148 2722 quam
1161 2690 1191 2713 B.
1266 2694 1288 2715 Β)
1309 2691 1368 2714 ffltis
1383 2689 1513 2719 (montis-2²)
1532 2688 1562 2712 Β,
1634 2686 1658 2719 d)
1679 2688 1754 2712 abere
1769 2686 1798 2711 F.
1870 2686 1892 2718 Θ)
1913 2687 1972 2710 civi-

333 2731 390 2753 nnis
407 2730 434 2754 l1'.
525 2730 545 2754 sl
567 2732 630 2754 Frid.
653 2732 709 2763 imp.
727 2732 754 2755 lr'.
844 2731 868 2759 R]
888 2742 989 2757 onorem
1005 2733 1034 2756 F.
1124 2732 1148 2765 ¹¹)
1169 2733 1335 2757 multolertum
1353 2733 1381 2756 JV.
1460 2731 1476 2758 ἱ)
1496 2732 1530 2754 sie
1544 2740 1595 2761 stro
1615 2732 1734 2762 exigeret.
1805 2728 1830 2753 k)
1850 2738 1927 2761 quam
1942 2729 1972 2754 F.

333 2772 350 2802 l)
370 2782 435 2803 quae
457 2773 484 2797 B.
504 2774 530 2797 Ι”.
619 2779 650 2797 ¹¹¹>
671 2775 704 2797 siv
721 2774 756 2800 1¹¹:
781 2775 827 2804 cas}
843 2775 872 2802 ll.
899 2776 965 2806 quud
985 2776 1056 2799 solvit
1075 2777 1099 2799 in
1121 2777 1254 2807 capitanei.
1344 2777 1368 2800 ¹¹)
1388 2775 1431 2806 qui
1452 2774 1482 2798 15.

1998 732 2022 750 10

1999 992 2022 1010 15

1999 1248 2023 1267 20

1998 1506 2021 1525 25

2000 1768 2025 1786 30

2000 2025 2024 2043 35

2000 2285 2025 2304 40

1999 2542 2023 2560 45
