2205 3072
592 172 772 199 FRIDEIMCI
794 172 811 198 1.
832 172 1155 199 CONSTITUTIONES.
1194 174 1265 199 1183.
1305 174 1423 199 N1·.‘29ss.
1766 175 1819 204 421

187 259 277 289 nitati
295 262 546 300 proposuerunt:
574 259 698 289 scilicet
714 262 749 289 ut
765 259 804 289 de
824 259 982 290 universis
1002 259 1179 290 redditibus
1198 269 1276 300 quos
1295 260 1344 289 vel
1364 260 1393 290 in
1413 261 1650 301 presentiarum
1670 260 1826 290 habemus

187 311 218 340 in
243 310 337 340 Italia
362 311 412 341 vel
437 311 467 341 in
493 314 654 352 posterum
681 311 751 341 Deo
777 314 908 341 auctore
935 322 1044 342 sumus
1070 312 1218 344 habituri.
1245 322 1301 342 vos
1327 313 1490 353 vestrique
1516 322 1721 343 successores
1739 311 1824 341 deci-

187 373 280 398 mam.
315 362 427 393 fratres
453 372 526 392 vero
551 363 729 393 cardinales
755 373 871 393 nonam
904 364 1091 404 percipiant.
1138 362 1230 397 Quod
1257 364 1367 404 utique
1393 365 1415 394 si
1443 363 1688 405 apprehendere
1713 363 1825 393 decre—

188 416 308 447 veritis.
334 426 391 445 nos
416 419 480 446 tam
507 426 563 457 pro
589 416 680 446 nobis
705 426 799 456 quam
825 426 881 456 pro
906 415 979 445 filiis
1005 416 1132 452 nostris.
1157 419 1191 445 ut
1216 418 1318 445 ratum
1345 420 1543 456 permaneat.
1570 415 1773 446 indubitabili
1796 418 1827 444 et

147 476 157 492 5
187 467 357 497 sufficienti
382 467 529 498 cautione
561 467 767 498 firmabimus.
800 471 831 497 et
860 477 915 508 pro
941 467 1184 497 successoribus
1211 467 1328 497 nostris
1360 467 1528 508 privilegio
1552 467 1687 508 aliisque
1713 465 1826 498 modis.

136 733 158 750 11)

132 1254 156 1271 20

133 1773 157 1790 :50

134 2293 159 2310 41)

187 519 268 549 sieut
293 519 323 549 in
350 519 532 549 huiusmodi
557 519 677 549 firmius
702 522 808 560 potest
832 519 910 556 fieri.
937 529 1050 549 cavere
1068 522 1268 560 satagemus:
1294 519 1337 549 ita
1355 518 1510 559 siquidem
1532 518 1615 560 quod
1633 519 1826 559 quicumque

186 571 363 612 principum
396 570 435 600 ad
467 571 634 611 imperium
665 571 761 601 fuerit
794 571 1014 601 sublimandus
1047 571 1077 601 in
1108 581 1221 611 pacem
1253 571 1346 601 istam
1372 572 1552 602 consentiat
1578 575 1619 606 et,
1655 574 1826 611 antequam

185 625 365 659 coronetur,
396 622 602 652 iurisiurandi
634 626 835 653 sacramento
863 623 1038 653 confirmet.
1087 622 1254 664 Principes
1279 625 1398 654 autem.
1430 623 1480 662 qni
1508 633 1591 652 nunc
1616 625 1689 653 sunt
1713 632 1826 663 super-

186 674 288 711 stites,
318 674 498 705 cautionem
523 685 580 715 pro
604 685 683 715 pace
709 674 867 705 servanda
890 674 1082 715 prestabunt
1107 674 1330 710 sufficientem.
1365 678 1396 704 et
1421 674 1461 705 de
1487 675 1684 705 successuris
1709 674 1825 715 princi-

185 725 278 765 pibus
304 726 386 756 sicut
410 728 518 766 potest
542 736 598 766 per
623 725 791 766 privilegia
817 726 994 759 cavebitur.
1024 727 1067 756 ita
1092 725 1175 767 quod
1201 726 1345 767 quilibet.
1371 729 1544 767 antequam
1570 726 1609 757 ad
1634 725 1827 767 dignitatem

185 787 275 808 suam
300 777 522 813 intronizetur.
550 780 785 808 sacramentum
811 777 850 807 de
875 788 954 819 pace
978 777 1137 808 servanda
1162 778 1330 819 prestabit.
1382 777 1461 808 Item
1487 789 1504 808 a
1530 778 1703 808 sanctitate
1721 780 1827 807 vestra

184 832 216 859 et
238 839 256 859 a
281 829 397 859 vestris
423 829 664 859 successoribus
691 832 722 859 et
747 829 898 859 fratribus
925 830 1040 859 vestris
1065 839 1238 870 eorumque
1265 830 1507 860 successoribus
1533 832 1769 870 competentem
1795 832 1827 858 et

183 880 306 911 firmam
332 881 469 922 petimus
496 881 641 911 exhiberi
667 881 858 912 cautionem.
891 881 973 922 quod
1001 881 1059 911 1100
1085 892 1148 922 pax
1174 885 1239 911 tam
1268 882 1385 911 nostris
1411 892 1505 922 quam
1531 881 1722 922 postfuturis
1748 884 1827 910 tem-

185 933 315 973 poribus
352 933 477 963 stabilis
514 936 545 963 et
580 933 767 963 inconvulsa
800 933 905 963 valeat
941 943 1143 974 permanere.
1199 933 1292 963 Alius
1325 934 1419 963 etiam
1455 933 1625 963 concordie
1658 932 1771 963 modus
1797 933 1827 962 in

148 995 156 1010 r=
186 984 323 1014 medium
349 984 408 1014 fuit
432 984 621 1025 productus:
648 984 800 1016 videlicet
824 990 859 1015 ut
877 985 1016 1015 eeclesia
1034 989 1139 1016 certas
1158 985 1384 1026 possessiones
1402 985 1547 1022 liaberet.
1573 996 1652 1026 quas
1669 986 1737 1015 sine
1755 995 1827 1025 gra-

184 1036 309 1067 vamine
334 1040 445 1078 posset
469 1037 576 1077 quiete
602 1040 633 1067 ct
657 1036 757 1067 libere
784 1037 933 1068 retinere.
965 1040 1106 1078 excepto
1132 1037 1223 1067 fodro
1250 1037 1419 1078 imperiali.
1467 1036 1537 1072 Que
1563 1037 1673 1078 utique
1698 1046 1826 1077 posses-

183 1089 299 1125 siones,
330 1088 411 1119 sicut
436 1099 546 1119 verum
577 1088 847 1129 investigantibus
872 1088 1008 1121 videtur.
1043 1089 1117 1130 quia
1149 1099 1210 1118 11011
1245 1092 1375 1130 possent
1406 1089 1500 1119 facilc
1527 1089 1594 1119 sine
1621 1088 1828 1119 contentione

183 1139 331 1172 discerni,
357 1139 476 1170 dictum
502 1140 569 1172 fuit.
595 1143 630 1170 ut
655 1140 830 1181 prudentes
850 1140 906 1170 viri
928 1144 960 1170 et
979 1144 1131 1181 provecte
1150 1141 1254 1171 etatis.
1281 1141 1332 1181 qui
1352 1144 1461 1171 essent
1478 1140 1517 1171 de
1536 1141 1678 1182 ipsarum
1696 1150 1827 1181 posses-

183 1191 306 1222 sionum
334 1192 458 1226 vicinia.
485 1202 524 1222 ex
550 1195 640 1233 parte
666 1192 805 1222 ecclesie
831 1196 862 1222 et
888 1192 1013 1233 imperii
1040 1192 1247 1233 eligerentur,
1273 1193 1326 1233 qui
1351 1193 1574 1234 possessiones
1599 1193 1727 1233 utrique
1752 1202 1827 1233 per-

184 1243 323 1274 tinentes
347 1243 570 1275 discernerent
594 1248 625 1274 et
649 1254 782 1285 quorum
805 1244 991 1274 testimonio
1010 1244 1049 1274 de
1068 1244 1139 1274 hiis.
1165 1255 1227 1285 que
1245 1244 1284 1274 ad
1306 1248 1429 1285 partem
1448 1245 1637 1275 alterutram
1655 1244 1827 1285 pertinent.

183 1298 246 1325 tani
280 1296 418 1326 ecclesia
442 1306 535 1336 quam
568 1295 736 1336 imperium
762 1296 977 1326 communiter
1005 1296 1244 1337 acquiesceret:
1278 1300 1310 1326 et
1335 1300 1400 1326 tum
1426 1296 1553 1326 demum
1579 1296 1711 1326 daretur
1735 1295 1827 1326 nobis

183 1358 378 1389 cognoscere
404 1347 488 1378 unde
514 1347 689 1378 Romanam
715 1348 887 1378 ecelesiam
914 1358 1083 1389 possemus
1108 1347 1278 1378 honorare.
1326 1347 1499 1379 Adiectum
1526 1348 1623 1379 etiam
1648 1348 1707 1378 fuit
1732 1351 1775 1384 ut7
1802 1348 1828 1377 si

183 1399 222 1429 de
248 1399 505 1441 possessionibus
536 1399 607 1437 illis,
639 1410 700 1440 quc
726 1400 755 1430 in
782 1400 830 1430 ius
855 1400 1009 1431 cederent
1041 1401 1175 1441 imperii.
1208 1400 1315 1441 alique
1342 1400 1528 1431 viderentur
1551 1401 1662 1431 usibus
1689 1400 1827 1430 ecclesie

185 1451 427 1487 commodiores,
459 1451 595 1481 ecclesia
626 1455 745 1492 posset.
773 1452 797 1481 si
824 1452 932 1484 vellet.
965 1462 1019 1482 eas
1044 1462 1100 1493 per
1125 1455 1312 1492 competens
1339 1452 1564 1483 concambium
1589 1452 1745 1482 obtinere.
1796 1451 1827 1481 Si

152 1524 155 1532 ,
186 1513 260 1532 vero
285 1502 437 1534 cederent
468 1503 498 1533 in
528 1503 576 1533 ius
602 1503 739 1533 ccclesic
764 1514 825 1543 que
857 1514 912 1544 pro
937 1503 1126 1534 defensione
1152 1503 1290 1534 ecclesie
1317 1507 1349 1534 et
1374 1504 1499 1545 imperii
1524 1504 1616 1534 nobis
1642 1504 1826 1534 necessarie

184 1554 381 1589 viderentur.
406 1565 576 1596 possemus
604 1555 758 1587 similiter.
784 1555 809 1585 si
838 1555 1003 1587 vellemus.
1034 1566 1088 1586 cas
1114 1556 1320 1586 convenienti
1346 1555 1533 1586 concambio
1558 1555 1715 1586 obtinere.
1763 1554 1827 1585 Cu-

185 1606 308 1647 pientes
333 1607 429 1647 igitur
454 1607 550 1637 animi
576 1607 676 1636 nostri
702 1607 864 1638 affectum.
891 1617 985 1648 quem
1011 1610 1043 1638 et
1067 1618 1204 1648 persone
1224 1611 1332 1637 vestre
1356 1607 1540 1648 specialiter
1557 1607 1698 1647 gerimus
1718 1610 1750 1637 et
1767 1617 1828 1647 quo

184 1659 371 1689 exaltationi
407 1659 543 1689 ecclesie
578 1658 784 1691 intendimus.
823 1660 853 1689 111
885 1660 988 1689 11100111
1023 1659 1158 1689 effeetus
1190 1659 1378 1700 producere.
1417 1659 1517 1689 multa
1551 1669 1647 1700 super
1672 1658 1830 1699 colloquio

185 1710 528 1751 vobiscum}habendo
561 1721 632 1740 cum
663 1711 777 1749 legatis
804 1711 918 1741 vestris
947 1711 1149 1747 contulimus.
1181 1715 1212 1741 et
1244 1714 1316 1751 post
1341 1711 1446 1741 varios
1473 1711 1545 1741 hine
1570 1710 1644 1740 inde
1669 1713 1826 1740 tractatus

186 1762 313 1792 tandem
339 1763 369 1792 in
394 1763 453 1793 hoc
479 1763 702 1793 convenimus:
729 1763 810 1803 qnod
837 1763 864 1793 in
891 1764 973 1792 festo
999 1763 1216 1803 apostolorum
1234 1762 1323 1793 Petri
1342 1766 1373 1792 et
1391 1762 1482 1792 Pauli
1509 1763 1596 1792 iuxta
1618 1762 1721 1792 laeum
1741 1761 1822 1792 Gar-

185 1814 314 1844 densem
346 1814 429 1845 idem
461 1815 654 1856 colloquium
680 1814 872 1845 celebretur.
921 1813 1004 1849 Quia
1029 1825 1104 1844 vero
1140 1814 1292 1855 pacificus
1317 1814 1387 1844 Deo
1412 1814 1552 1855 preduce
1579 1814 1616 1844 ad
1643 1814 1701 1843 1100
1728 1814 1827 1844 00110-

184 1867 291 1906 quium
317 1870 427 1897 nostcr
451 1867 512 1897 erit
536 1877 737 1908 progressus,
767 1877 823 1908 pre
848 1866 1028 1897 reverentia
1056 1867 1152 1897 vestri
1178 1866 1280 1896 omnis
1306 1866 1394 1896 locus
1420 1866 1512 1896 nobis
1537 1866 1644 1907 placet
1668 1865 1707 1895 ad
1733 1876 1827 1906 quem

184 1929 254 1948 011111
288 1919 460 1949 securitate
492 1923 602 1949 nostra
631 1922 663 1949 et
694 1923 875 1948 nostrorum
908 1918 1063 1949 accedere
1098 1928 1277 1959 possemus.
1331 1917 1425 1948 Unde
1459 1917 1577 1948 Cumas
1609 1918 1716 1948 venire
1749 1918 1828 1947 satis

184 1970 277 2001 nobis
302 1971 490 2011 complacet.
521 1971 581 2001 nisi
607 1971 677 2011 quia
712 1974 842 2011 propter
875 1970 1006 2000 obsides
1031 1981 1116 2002 suos,
1149 1966 1200 2011 qui
1227 1970 1345 2011 captivi
1377 1973 1539 2001 tenentur.
1573 1980 1635 1999 11011
1661 1980 1828 2011 possemus

148 2035 157 2051 r.
187 2022 360 2052 clamorum
392 2023 549 2053 sustinere
580 2023 849 2063 importunitates.
902 2022 1118 2052 Constitutum
1150 2022 1258 2063 itaque
1288 2025 1347 2058 est,
1378 2022 1462 2062 quod
1488 2032 1545 2052 nos
1585 2022 1708 2062 'tipam1
1735 2032 1827 2051 aece-

184 2074 308 2110 damus,
334 2078 366 2105 et
390 2085 445 2104 vos
471 2075 496 2104 si
521 2075 628 2115 placet
646 2074 818 2111 Veronam.
847 2074 988 2104 Brixiam
1016 2075 1064 2105 vel
1092 2074 1257 2104 Mantuam
1285 2074 1436 2104 veniatis:
1467 2077 1499 2103 et
1527 2077 1602 2103 tunc
1629 2073 1717 2103 locus
1743 2084 1828 2102 eom-

185 2129 307 2166 petens,
339 2126 368 2156 in
400 2136 461 2166 quo
492 2126 687 2166 colloquium
722 2126 890 2158 habeatnr.
924 2126 1016 2156 facilc
1050 2127 1168 2168 poterit
1198 2127 1344 2157 inveniri.
1392 2126 1542 2156 Vestram
1577 2126 1683 2165 itaque
1710 2125 1826 2155 saneti-

184 2180 295 2215 tatem7
331 2180 423 2218 pater
455 2177 630 2215 carissime7
663 2188 821 2217 rogamus.
852 2187 1020 2207 monemus
1051 2181 1083 2207 et
1114 2177 1324 2208 exhortamur
1353 2178 1381 2207 in
1416 2177 1565 2208 Domino.
1602 2179 1760 2217 quatenus
1789 2176 1828 2206 ad

185 2229 265 2259 tanti
291 2229 365 2259 110111
392 2229 712 2261 consummationem.
738 2229 820 2269 quod
847 2229 877 2259 in
904 2229 1015 2259 eodeni
1043 2229 1203 2270 colloquio
1228 2232 1360 2259 auctore
1386 2229 1455 2259 Deo
1480 2232 1669 2270 proventum
1697 2229 1741 2258 ire
1766 2239 1828 2258 non

186 2280 379 2316 dubitamus.
404 2281 547 2311 laborem
574 2281 695 2311 itineris
721 2281 853 2321 aggredi
878 2291 939 2311 non
964 2281 1171 2322 pigritemini.
1219 2281 1268 2311 De
1294 2281 1514 2312 misericordia
1532 2281 1616 2311 enim
1635 2279 1697 2309 Dei
1717 2290 1827 2321 spera—

184 2343 265 2367 mns.
291 2332 375 2373 quod
400 2332 490 2363 dabit
514 2332 682 2373 perticere.
712 2332 933 2362 tantummodo
959 2333 1042 2363 velle
1069 2332 1158 2363 vobis
1183 2333 1340 2363 adiaeeat.
1388 2333 1493 2363 Huius
1520 2333 1627 2372 itaque
1653 2332 1698 2361 rei
1724 2332 1826 2371 gratia

183 2384 374 2415 familiarem
411 2384 614 2426 capellanum
649 2388 792 2414 nostruin
832 2384 1019 2424 magistrum
1053 2384 1202 2414 Boletum
1240 2384 1278 2414 ad
1316 2384 1513 2426 presentiam
1546 2388 1684 2413 vestram
1725 2387 1827 2412 trans-

184 2436 351 2468 mittimus.
383 2436 432 2466 cui
458 2446 553 2477 super
578 2435 723 2466 (minibus
749 2436 789 2465 ad
816 2436 871 2465 hoc
898 2437 1060 2475 negotium
1088 2436 1308 2477 spectantibus
1335 2437 1461 2477 plenam
1488 2435 1581 2465 tidem
1608 2436 1746 2475 petimus
1772 2434 1827 2464 ad-

184 2489 335 2522 hibeatis.
361 2492 391 2519 et
416 2494 478 2519 tam
505 2500 563 2530 per
588 2490 691 2530 ipsum
718 2499 811 2529 quam
838 2500 894 2530 per
919 2490 1037 2530 scripta
1061 2489 1100 2519 de
1124 2489 1286 2519 voluntate
1306 2492 1412 2518 vestra
1439 2491 1470 2517 ct
1496 2488 1627 2516 fratrum
1648 2490 1826 2516 vestrorum

154 2561 157 2569 .
186 2551 241 2581 per
265 2541 367 2570 onmia
396 2552 453 2571 nos
480 2541 700 2571 certifaciatis.

288 2635 312 2662 l')
335 2634 403 2660 Rima
423 2635 459 2659 ml
478 2635 560 2659 locum
584 2635 729 2659 Remmiam,

1856 1760 1913 1778 11³⁴.

1843 1786 1889 1804 luu.
1901 1787 1932 1804 2¹¹³.
