2205 3072
562 180 742 206 FRIDERICI
762 180 780 205 l.
801 179 1122 206 CONSTITUTIONES.
1160 180 1234 206 1162.
1271 180 1318 206 Nr.
1332 181 1390 206 ⁵209.
1407 181 1464 207 ⁶210.
1770 183 1824 213 291

372 291 448 322 209.
480 292 744 323 ENCYCLH'A
776 291 1081 323 PRINCIPIBFS
1111 291 1469 323 SAENITLARIBFS
1501 293 1652 324 MISSA.

292 352 385 382 Ham
413 351 540 381 IlInz‘leco
567 352 637 382 (111ιηῖ
662 352 884 391 Ᾱοΐ11α1·1”11ῃι’(ισ
915 353 1099 390 inseripmi
1129 352 1262 382 servarit
1291 352 1382 381 rodes
1406 352 1576 383 I'ntim‘nms
1602 354 1752 385 (flu-istiu.
1772 355 1832 384 179

188 414 264 452 susa
285 404 364 434 XII,
386 404 445 444 fal.
465 405 514 435 51.
537 414 623 442 ‘suem
642 404 772 433 cordidit
789 403 1036 443 Holdcr-Etlgtcr.
1063 423 1102 426 —
1127 402 1266 443 Slmnpf',
1290 403 1364 442 ch.
1387 405 1479 435 3946,
1570 405 1622 443 (P.
1662 408 1728 443 33.)

292 506 503 547 F(ridericus)
540 505 600 536 Dei
637 508 742 547 gratia
775 507 994 538 Romanorum
1030 507 1206 548 imperator
1243 511 1275 537 et
1309 518 1439 548 semper
1470 512 1625 549 augustus
1656 508 1739 540 fideli
1774 519 1831 539 suo

149 566 158 582 ⁵
189 559 348 599 M(athe0)
374 558 444 588 duci
470 558 679 599 Lotharingie
704 559 840 600 gratiam
867 569 958 589 suam
984 563 1016 589 et
1041 569 1135 589 omne
1161 559 1290 589 bonum.

137 829 159 846 lo

136 1087 159 1104 15

134 1344 159 1362 '20

132 2003 156 2019 1¹.st

289 609 447 646 Quoniam
474 611 505 640 in
532 611 692 646 scismate,
718 610 802 651 quod
829 615 877 641 est
902 611 933 640 in
958 610 1107 640 Romana
1131 611 1283 645 ecclesia,
1310 611 1479 641 universus
1505 611 1591 641 orbis
1618 612 1648 642 in
1674 622 1708 642 se
1726 612 1830 653 ipsum

186 662 309 692 divisus
334 666 383 691 est
408 665 439 691 et
463 665 529 691 tota
555 662 771 692 christianitas
797 673 857 691 non
883 662 1009 692 modica
1035 662 1220 692 turbatione
1245 663 1435 696 concutitur,
1461 673 1517 692 nos
1542 666 1610 693 tota
1628 664 1725 694 animi
1744 674 1829 693 com-

187 714 336 755 passione
369 718 478 743 sancte
510 713 568 743 Dei
601 713 737 743 ecclesie
770 713 934 743 doloribus
965 713 1188 745 condolemus,
1221 714 1323 744 tocius
1349 714 1474 744 consilii
1501 719 1531 744 ct
1557 715 1666 744 auxilii
1691 725 1829 756 propen-

188 766 303 796 siorem
338 775 445 795 curam
478 769 509 795 ct
543 765 790 796 sollicitudinem
825 765 979 795 adhibere
1010 765 1189 806 cupientes,
1221 769 1255 795 ut
1286 766 1382 796 totius
1408 765 1619 796 dissensionis
1645 766 1831 796 discrimine

189 816 316 847 sublato
348 816 486 847 ecclesia
513 816 571 846 Dei
603 817 685 846 sicut
716 817 746 847 in
779 817 902 847 unitate
928 816 1010 853 tidei.v
1042 817 1082 847 ita
1115 817 1173 847 sub
1203 817 1296 847 unius
1327 817 1464 858 pastoris
1495 818 1652 858 regimine
1678 819 1708 848 in
1734 828 1830 848 unum

187 869 270 899 ovile
297 872 522 909 congregetur.

288 920 367 950 Inde
393 924 452 955 est,
477 919 560 960 quod
587 930 627 950 ex
651 920 783 950 consilio
809 920 987 961 principum
1014 931 1084 950 cum
1105 920 1221 951 dilecto
1241 921 1481 961 consanguineo
1500 924 1608 951 nostro
1628 920 1830 961 L(udewico)

186 973 301 1003 illustri
320 983 397 1012 rege
415 972 622 1003 Francorum.
648 971 724 1001 llll.
743 971 814 1002 Kal.
835 972 1000 1013 Septemb.
1019 973 1048 1002 in
1074 972 1124 1003 dic
1144 972 1294 1002 videlicet
1316 971 1539 1002 decollationis
1559 973 1659 1002 sancti
1678 972 1830 1003 Iohannis

189 1024 330 1065 baptiste
357 1034 452 1064 super
476 1023 607 1053 fluvium
634 1023 773 1053 saonam
799 1023 969 1053 concilium
995 1024 1159 1054 celebrare
1184 1025 1363 1056 statuimus.
1389 1024 1419 1053 in
1442 1035 1504 1065 quo
1530 1025 1693 1066 aspirante
1712 1024 1833 1065 Spiritu

189 1078 310 1113 saneto,
336 1075 388 1115 qui
413 1075 490 1104 facit
514 1075 682 1105 unanimes
708 1074 854 1105 habitare
881 1075 910 1105 in
936 1075 1029 1105 domo
1055 1074 1194 1109 Dominh
1228 1086 1406 1116 speramus,
1437 1079 1472 1106 ut
1497 1076 1717 1107 ecclesiastice
1744 1077 1832 1118 pacis

187 1131 219 1158 et
248 1127 380 1157 unitatis
415 1130 517 1156 status
552 1127 744 1157 reformetur
782 1130 812 1156 ct
849 1126 996 1157 dominus
1028 1138 1110 1168 papa
1133 1127 1246 1157 Victor
1283 1128 1461 1168 apostolice
1494 1128 1580 1158 sedis
1611 1128 1833 1169 gubernacula

186 1179 305 1210 debeat
330 1177 484 1208 obtinere.
532 1178 653 1208 Verum
679 1178 753 1218 quia
779 1178 837 1207 hoc
863 1179 1026 1217 negotium
1052 1182 1116 1208 tam
1135 1178 1269 1209 arduum
1289 1183 1417 1220 tamque
1437 1180 1567 1210 salubre
1586 1184 1617 1210 ct
1635 1182 1699 1210 tam
1718 1190 1831 1211 neccs-

185 1231 314 1263 sarium,
338 1229 392 1260 ubi
418 1229 456 1259 de
482 1230 744 1260 reconciliatione
768 1234 879 1260 sancte
904 1231 1041 1261 ecclesie
1059 1235 1091 1261 et
1109 1231 1213 1261 salute
1232 1231 1335 1260 tocius
1353 1231 1595 1262 christianitatis
1614 1232 1644 1262 in
1663 1242 1832 1262 commune

186 1283 302 1323 agitur.
337 1282 404 1312 sinc
434 1286 488 1312 tue
519 1281 722 1312 discretionis
754 1282 917 1323 presentia
947 1283 1161 1313 consummari
1193 1294 1251 1313 nec
1284 1283 1381 1314 debet
1410 1294 1469 1314 nec
1503 1287 1623 1325 potest.
1658 1288 1831 1314 exorantes

187 1344 428 1365 commonemus
453 1337 484 1364 te
510 1334 540 1363 in
566 1344 604 1364 ea
629 1333 700 1365 fide.
731 1344 824 1374 quam
849 1334 949 1364 debes
974 1335 1109 1376 imperio
1135 1339 1167 1365 et
1192 1339 1302 1365 sancte
1328 1334 1389 1365 Dei
1416 1335 1554 1366 ecclesie
1580 1339 1610 1365 ct
1635 1336 1740 1366 anime
1766 1339 1831 1370 tue,

185 1386 335 1427 quatinus
365 1386 447 1416 omni
479 1386 646 1415 occasione
671 1390 830 1415 summota
855 1385 938 1427 apud
964 1385 1146 1416 Bisuntium
1175 1386 1248 1416 llll.
1274 1386 1325 1417 die
1351 1391 1424 1417 ante
1451 1387 1630 1428 predictum
1655 1388 1825 1418 terminum

184 1437 387 1468 familiariter
411 1447 497 1467 more
522 1438 607 1467 curie
633 1437 724 1467 nobis
749 1448 909 1469 occurras,
935 1437 973 1468 ad
1000 1439 1168 1468 concilium
1194 1438 1360 1468 nobiscum
1387 1449 1609 1480 processurus.

374 1590 451 1623 210.
483 1591 709 1623 EPISTULA
733 1591 798 1623 AI)
822 1592 1238 1625 ARNJJIEPISGOPNM
1267 1593 1637 1626 LUGDUNJQNSEM.

289 1652 418 1691 Lenitur
441 1654 467 1682 ct
493 1652 561 1690 ipsa
587 1653 617 1682 in
643 1652 741 1682 emliee
764 1651 913 1682 Vatinium
940 1651 1090 1683 alm-istm.
1113 1653 1171 1682 170
1191 1653 1248 1693 fol.
1267 1655 1316 1684 50.
1342 1672 1382 1674 —
1406 1652 1544 1693 Slumpf.
1570 1653 1644 1692 Res).
1662 1654 1754 1684 3917.

1573 1704 1626 1744 (P.
1644 1706 1713 1736 132

288 1781 499 1821 F(1·idericus)
529 1781 591 1812 Dei
624 1782 729 1822 gratia
758 1782 975 1812 Romanorum
1013 1782 1188 1822 imperator
1220 1785 1250 1812 ct
1283 1793 1410 1824 semper
1441 1786 1598 1823 augustus
1630 1782 1745 1813 dilecto
1777 1792 1832 1811 suo

184 1834 344 1871 E(raclio‘)
370 1834 546 1864 venerabili
572 1833 801 1875 Lugdunensi³¹
833 1834 1079 1875 archiepiscopo
1105 1838 1136 1864 ct
1166 1835 1294 1875 primati
1320 1834 1499 1865 Galliarum
1524 1835 1661 1874 gratiam
1686 1845 1775 1865 suam
1801 1837 1832 1863 et

185 1896 278 1916 omne
303 1885 435 1917 bonum.

286 1937 465 1978 Imperialis
496 1941 605 1968 nostre
643 1937 867 1968 sollicitudinis
909 1938 1125 1979 propositum,
1162 1937 1247 1978 quod
1280 1937 1556 1979 Lugdunensem²²
1589 1938 1760 1969 ecclesiam
1795 1947 1831 1968 ac

185 1989 346 2020 civitatem
372 1999 390 2018 a
414 1988 546 2019 diutinis
572 1989 736 2020 laboribus
763 1990 829 2019 suis
855 2000 975 2020 exuere
1001 1994 1032 2020 et
1057 1990 1087 2019 in
1106 1990 1236 2030 antique
1257 1989 1425 2030 dignitatis
1444 2001 1500 2021 sue
1520 1994 1637 2020 statum
1656 1990 1832 2020 reformare

183 2041 396 2077 decrevimus,
432 2051 487 2082 pro
519 2044 574 2072 tua
602 2041 688 2072 fideli
719 2052 795 2082 erga
824 2052 882 2072 nos
914 2041 1084 2072 devotione
1116 2042 1146 2072 in
1177 2045 1306 2083 pectore
1340 2045 1449 2072 nostro
1482 2042 1684 2072 incessanter
1709 2041 1831 2082 vigilat.

183 2092 390 2134 quoadusque
421 2092 490 2123 Deo
521 2093 701 2134 opitulante
735 2092 878 2124 debitum
911 2094 1061 2123 sortiatur
1092 2094 1252 2124 effectum.
1309 2093 1402 2124 Unde
1436 2098 1469 2125 et
1502 2093 1637 2135 propitia
1670 2093 1830 2123 divinitas.

183 2155 243 2186 que
270 2145 330 2186 piis
361 2144 501 2174 omnium
532 2145 675 2175 consiliis
709 2145 868 2175 interesse
894 2148 925 2175 et
949 2156 988 2175 ea
1020 2156 1209 2186 promovere
1240 2146 1423 2180 consuevit,
1455 2156 1628 2186 congruam
1654 2144 1745 2174 nobis
1771 2143 1830 2173 hoc

183 2200 325 2237 tempore
344 2196 593 2237 oportunitatem
607 2197 731 2237 optulit.
749 2200 784 2227 ut
802 2201 907 2238 partes
921 2197 1119 2238 Burgundie.
1138 2199 1234 2227 immo
1253 2198 1354 2239 ipsam
1371 2197 1533 2228 civitatem
1548 2196 1800 2235 Lugdunensem
1809 2201 1830 2227 ³¹.

133 2261 155 2279 τε»
183 2248 213 2278 in
238 2249 366 2290 propria
396 2248 574 2278 maiestatis
605 2252 712 2279 nostre
747 2259 885 2290 persona
909 2249 1092 2290 quantotius
1123 2249 1276 2279 adeamus
1302 2260 1337 2279 ac
1369 2249 1475 2279 ruinas
1502 2249 1570 2279 eius
1596 2249 1626 2278 in
1653 2252 1756 2278 status
1781 2247 1827 2276 sui

131 2519 156 2536 4ss

131 2814 156 2832 45

185 2299 331 2330 decorem
363 2303 554 2341 cooperante
580 2299 717 2330 Domino
751 2301 923 2341 erigamus.
974 2299 1091 2331 Comes
1122 2301 1279 2342 siquidem
1309 2300 1471 2331 Hem-icus
1497 2300 1667 2331 Trecensis
1693 2310 1763 2329 cum
1789 2298 1828 2328 ad

183 2352 301 2382 curiam
333 2354 473 2382 nostram
505 2351 534 2381 in
566 2351 762 2392 legationem
792 2351 913 2382 domini
948 2353 996 2382 sui
1030 2353 1114 2393 regis
1146 2352 1345 2382 Francorum
1376 2353 1521 2383 venisset
1554 2355 1586 2382 et
1617 2350 1828 2381 reverendum

182 2407 306 2444 patrem
331 2406 473 2433 nostrum
499 2413 615 2444 papam
634 2403 798 2434 Victorem
817 2403 928 2434 humili
948 2404 1156 2434 veneratione
1175 2404 1376 2437 honorasset,
1403 2404 1548 2434 studiose
1571 2414 1589 2433 a
1608 2403 1700 2432 nobis
1718 2406 1828 2443 postu-

184 2455 269 2491 lavit,
288 2458 445 2496 quatenus
463 2454 502 2484 ad
521 2455 714 2495 colloquium
732 2455 815 2485 inter
832 2466 889 2486 nos
908 2459 939 2486 ct
957 2466 1030 2486 eum
1049 2467 1158 2496 regem
1176 2456 1359 2486 habendum
1377 2455 1615 2491 accederemus,
1640 2457 1827 2494 tantumque

184 2506 257 2536 huic
282 2506 379 2537 verbo
404 2507 529 2541 institit,
561 2506 771 2547 quoadusque
797 2507 1019 2537 universorum
1044 2512 1224 2538 nostrorum
1254 2508 1433 2548 principum
1458 2506 1598 2541 consiliQ
1630 2505 1826 2545 colloquium

183 2557 356 2588 indiximus
392 2557 470 2588 IIII.
500 2557 574 2589 Kal.
604 2557 783 2598 Septembr.
819 2557 860 2588 ad
894 2562 1023 2599 pontem
1054 2558 1171 2595 Saone,
1207 2559 1291 2589 inter
1319 2558 1489 2588 Divionem
1522 2562 1553 2587 et
1582 2557 1715 2589 Dolum,
1752 2566 1821 2586 cum

182 2609 440 2650 archiepiscopis,
475 2608 675 2651 [episcopis]5
706 2609 876 2640 abbatibus
901 2611 1038 2651 aliisque
1063 2611 1140 2641 cleri
1166 2611 1266 2641 nostri
1292 2611 1451 2652 prioribus
1475 2610 1529 2640 illo
1556 2609 1692 2640 venturi.
1739 2608 1820 2643 Quia

182 2672 259 2701 ergo
284 2664 339 2691 tua
363 2660 500 2702 diligens
525 2661 695 2702 prudentia
719 2662 749 2691 in
775 2661 888 2691 eodem
914 2663 1075 2703 colloquio
1101 2662 1191 2693 nobis
1210 2663 1380 2704 plurimum
1400 2660 1585 2692 neccssaria
1604 2664 1663 2692 est.
1689 2669 1823 2689 venera-

184 2713 299 2742 bilitati
325 2716 378 2743 tue
404 2713 548 2744 studiose
573 2712 755 2743 mandando
779 2713 984 2753 iniungimus
1010 2718 1170 2754 quatenus
1195 2714 1233 2744 ad
1260 2713 1343 2743 idem
1370 2713 1563 2753 colloquium
1582 2721 1692 2741 omnes
1714 2711 1828 2741 suffra-

287 2806 351 2832 210.
377 2808 398 2832 3’1
421 2808 501 2838 Lugd.
522 2808 575 2831 μοι]4

1574 2865 1624 2890 37²

1846 985 1901 1003 Anu».
1912 989 1943 1004 2¹..

1842 1399 1897 1416 Aua&
1909 1401 1932 1417 2'3

1839 2570 1886 2590 Anax
1905 2572 1924 2589 2.
