<?xml version="1.0" encoding="UTF-8"?>
<!DOCTYPE html PUBLIC "-//W3C//DTD XHTML 1.0 Transitional//EN"
    "http://www.w3.org/TR/xhtml1/DTD/xhtml1-transitional.dtd">
<html xmlns="http://www.w3.org/1999/xhtml" xml:lang="en" lang="en">
 <head>
  <title>
</title>
<meta http-equiv="Content-Type" content="text/html;charset=utf-8" />
  <meta name='ocr-system' content='tesseract 3.04.00' />
  <meta name='ocr-capabilities' content='ocr_page ocr_carea ocr_par ocr_line ocrx_word'/>
</head>
<body>
  <div class='ocr_page' id='page_1' title='image "./monumentagelegum01geseuoft_0524.png"; bbox 0 0 2205 3072; ppageno 0'>
   <div class='ocr_carea' id='block_1_1' title="bbox 370 162 1612 208">
    <p class='ocr_par' dir='ltr' id='par_1_1' title="bbox 370 162 1612 208">
     <span class='ocr_line' id='line_1_1' title="bbox 370 162 1612 208; baseline -0.007 -6"><span class='ocrx_word' id='word_1_1' title='bbox 370 162 431 204; x_wconf 36' lang='lat' dir='ltr'><strong>49.ss</strong></span> <span class='ocrx_word' id='word_1_2' title='bbox 770 170 930 197; x_wconf 80' lang='lat' dir='ltr'><strong>HEINRICI</strong></span> <span class='ocrx_word' id='word_1_3' title='bbox 951 171 996 197; x_wconf 84' lang='lat' dir='ltr'><strong>Vl.</strong></span> <span class='ocrx_word' id='word_1_4' title='bbox 1017 168 1338 208; x_wconf 71' lang='lat' dir='ltr'>OONSTJTUTIONES.</span> <span class='ocrx_word' id='word_1_5' title='bbox 1376 168 1451 194; x_wconf 76' lang='lat'><strong><em>1192.</em></strong></span> <span class='ocrx_word' id='word_1_6' title='bbox 1488 168 1536 194; x_wconf 89' lang='lat' dir='ltr'><strong>Nr.</strong></span> <span class='ocrx_word' id='word_1_7' title='bbox 1553 168 1612 194; x_wconf 81' lang='lat'><strong><em>348.</em></strong></span> 
     </span>
    </p>
   </div>
   <div class='ocr_carea' id='block_1_2' title="bbox 370 254 2016 453">
    <p class='ocr_par' dir='ltr' id='par_1_2' title="bbox 370 254 2016 453">
     <span class='ocr_line' id='line_1_2' title="bbox 371 254 2015 294; baseline -0.002 -5"><span class='ocrx_word' id='word_1_8' title='bbox 371 260 486 289; x_wconf 59' lang='lat' dir='ltr'><strong>utinm-u</strong></span> <span class='ocrx_word' id='word_1_9' title='bbox 509 258 645 289; x_wconf 51' lang='lat' dir='ltr'><strong>civitatis</strong></span> <span class='ocrx_word' id='word_1_10' title='bbox 661 257 845 288; x_wconf 50' lang='lat' dir='ltr'><strong>Brit-sensis</strong></span> <span class='ocrx_word' id='word_1_11' title='bbox 868 267 945 288; x_wconf 78' lang='lat' dir='ltr'><strong>saec.</strong></span> <span class='ocrx_word' id='word_1_12' title='bbox 963 256 1067 288; x_wconf 88' lang='lat' dir='ltr'><strong><em>XIII.</em></strong></span> <span class='ocrx_word' id='word_1_13' title='bbox 1089 257 1131 287; x_wconf 72' lang='lat' dir='ltr'><strong>viu.</strong></span> <span class='ocrx_word' id='word_1_14' title='bbox 1157 256 1191 286; x_wconf 73' lang='lat' dir='ltr'><strong>in</strong></span> <span class='ocrx_word' id='word_1_15' title='bbox 1214 255 1393 287; x_wconf 71' lang='lat' dir='ltr'><strong>bibliotheca</strong></span> <span class='ocrx_word' id='word_1_16' title='bbox 1419 254 1617 294; x_wconf 64' lang='lat' dir='ltr'><strong>Quor-mium</strong></span> <span class='ocrx_word' id='word_1_17' title='bbox 1639 257 1807 292; x_wconf 74' lang='lat' dir='ltr'><strong>asservato,</strong></span> <span class='ocrx_word' id='word_1_18' title='bbox 1829 254 1910 294; x_wconf 72' lang='lat' dir='ltr'><strong>qnod</strong></span> <span class='ocrx_word' id='word_1_19' title='bbox 1932 264 2015 285; x_wconf 66' lang='lat' dir='ltr'><strong>nime</strong></span> 
     </span>
     <span class='ocr_line' id='line_1_3' title="bbox 371 305 2016 349; baseline -0.003 -8"><span class='ocrx_word' id='word_1_20' title='bbox 371 311 503 341; x_wconf 69' lang='lat' dir='ltr'><strong>Librum.</strong></span> <span class='ocrx_word' id='word_1_21' title='bbox 540 309 660 340; x_wconf 73' lang='lat' dir='ltr'><strong>Poteris</strong></span> <span class='ocrx_word' id='word_1_22' title='bbox 681 309 730 340; x_wconf 91' lang='lat' dir='ltr'><strong>II.</strong></span> <span class='ocrx_word' id='word_1_23' title='bbox 766 309 865 348; x_wconf 68' lang='lat' dir='ltr'><strong>inepte</strong></span> <span class='ocrx_word' id='word_1_24' title='bbox 897 310 1015 345; x_wconf 78' lang='lat' dir='ltr'><strong>vocant,</strong></span> <span class='ocrx_word' id='word_1_25' title='bbox 1041 308 1101 349; x_wconf 85' lang='lat' dir='ltr'><strong>fol.</strong></span> <span class='ocrx_word' id='word_1_26' title='bbox 1123 308 1195 338; x_wconf 69' lang='lat'><strong>351.</strong></span> <span class='ocrx_word' id='word_1_27' title='bbox 1249 306 1452 346; x_wconf 67' lang='lat' dir='ltr'><strong>Ezcmplavit</strong></span> <span class='ocrx_word' id='word_1_28' title='bbox 1481 305 1741 346; x_wconf 70' lang='lat' dir='ltr'><strong>Holder-Eyyer.</strong></span> <span class='ocrx_word' id='word_1_29' title='bbox 1794 306 1837 337; x_wconf 68' lang='lat' dir='ltr'><strong>Ec</strong></span> <span class='ocrx_word' id='word_1_30' title='bbox 1868 306 2016 345; x_wconf 72' lang='lat' dir='ltr'><strong>scriptum</strong></span> 
     </span>
     <span class='ocr_line' id='line_1_4' title="bbox 372 357 2014 400; baseline -0.002 -8"><span class='ocrx_word' id='word_1_31' title='bbox 372 365 510 393; x_wconf 68' lang='lat' dir='ltr'><strong>nostrum</strong></span> <span class='ocrx_word' id='word_1_32' title='bbox 526 364 553 392; x_wconf 71' lang='lat' dir='ltr'><strong>et</strong></span> <span class='ocrx_word' id='word_1_33' title='bbox 572 361 738 400; x_wconf 67' lang='lat' dir='ltr'><strong>privileyia</strong></span> <span class='ocrx_word' id='word_1_34' title='bbox 754 361 842 400; x_wconf 70' lang='lat' dir='ltr'><strong>infra</strong></span> <span class='ocrx_word' id='word_1_35' title='bbox 858 360 974 391; x_wconf 74' lang='lat' dir='ltr'><strong>edenda</strong></span> <span class='ocrx_word' id='word_1_36' title='bbox 992 362 1106 390; x_wconf 67' lang='lat' dir='ltr'><strong>text-mn</strong></span> <span class='ocrx_word' id='word_1_37' title='bbox 1122 359 1340 395; x_wconf 68' lang='lat' dir='ltr'><strong>conventionis,</strong></span> <span class='ocrx_word' id='word_1_38' title='bbox 1364 368 1458 397; x_wconf 67' lang='lat' dir='ltr'><strong>(letam</strong></span> <span class='ocrx_word' id='word_1_39' title='bbox 1473 357 1507 388; x_wconf 86' lang='lat' dir='ltr'><strong><em>F</em></strong></span> <span class='ocrx_word' id='word_1_40' title='bbox 1505 357 1657 389; x_wconf 75' lang='lat' dir='ltr'><strong>ridericus</strong></span> <span class='ocrx_word' id='word_1_41' title='bbox 1669 358 1695 388; x_wconf 91' lang='lat' dir='ltr'><strong>I.</strong></span> <span class='ocrx_word' id='word_1_42' title='bbox 1717 368 1746 388; x_wconf 80' lang='lat' dir='ltr'><strong>a.</strong></span> <span class='ocrx_word' id='word_1_43' title='bbox 1762 358 1852 388; x_wconf 73' lang='lat'><strong><em>1165.</em></strong></span> <span class='ocrx_word' id='word_1_44' title='bbox 1870 357 1962 390; x_wconf 80' lang='lat' dir='ltr'><strong>Febr.</strong></span> <span class='ocrx_word' id='word_1_45' title='bbox 1976 360 2014 388; x_wconf 85' lang='lat'><strong>11</strong></span> 
     </span>
     <span class='ocr_line' id='line_1_5' title="bbox 370 409 1816 453; baseline -0.003 -9"><span class='ocrx_word' id='word_1_46' title='bbox 370 425 437 444; x_wconf 73' lang='lat' dir='ltr'><strong>cum</strong></span> <span class='ocrx_word' id='word_1_47' title='bbox 461 413 750 444; x_wconf 70' lang='lat' dir='ltr'><strong>lllecliolanensibus</strong></span> <span class='ocrx_word' id='word_1_48' title='bbox 773 412 847 443; x_wconf 68' lang='lat' dir='ltr'><strong>iniit</strong></span> <span class='ocrx_word' id='word_1_49' title='bbox 871 412 982 453; x_wconf 75' lang='lat' dir='ltr'><strong>(supra</strong></span> <span class='ocrx_word' id='word_1_50' title='bbox 1005 414 1138 447; x_wconf 75' lang='lat' dir='ltr'><strong>m·.303,</strong></span> <span class='ocrx_word' id='word_1_51' title='bbox 1162 422 1186 443; x_wconf 82' lang='lat' dir='ltr'><strong>c.</strong></span> <span class='ocrx_word' id='word_1_52' title='bbox 1203 414 1230 442; x_wconf 76' lang='lat'><strong>6.</strong></span> <span class='ocrx_word' id='word_1_53' title='bbox 1249 412 1283 451; x_wconf 85' lang='lat'><strong>9)</strong></span> <span class='ocrx_word' id='word_1_54' title='bbox 1302 420 1362 449; x_wconf 75' lang='lat' dir='ltr'><strong>pro</strong></span> <span class='ocrx_word' id='word_1_55' title='bbox 1383 409 1586 449; x_wconf 66' lang='lat' dir='ltr'><strong>t&#39;zthdmnento</strong></span> <span class='ocrx_word' id='word_1_56' title='bbox 1608 411 1816 448; x_wconf 72' lang='lat' dir='ltr'><strong>sumpserunt.</strong></span> 
     </span>
    </p>
   </div>
   <div class='ocr_carea' id='block_1_3' title="bbox 1737 460 1914 501">
    <p class='ocr_par' dir='ltr' id='par_1_3' title="bbox 1737 460 1914 501">
     <span class='ocr_line' id='line_1_6' title="bbox 1737 460 1914 501; baseline 0 -9"><span class='ocrx_word' id='word_1_57' title='bbox 1737 460 1790 501; x_wconf 84' lang='lat' dir='ltr'><strong>(P.</strong></span> <span class='ocrx_word' id='word_1_58' title='bbox 1807 461 1914 500; x_wconf 75' lang='lat' dir='ltr'><strong>deest.)</strong></span> 
     </span>
    </p>
   </div>
   <div class='ocr_carea' id='block_1_4' title="bbox 374 530 2023 1249">
    <p class='ocr_par' dir='ltr' id='par_1_4' title="bbox 374 530 2023 1249">
     <span class='ocr_line' id='line_1_7' title="bbox 477 530 2015 573; baseline -0.003 -9"><span class='ocrx_word' id='word_1_59' title='bbox 477 534 514 564; x_wconf 88' lang='lat' dir='ltr'><strong>In</strong></span> <span class='ocrx_word' id='word_1_60' title='bbox 540 534 669 565; x_wconf 90' lang='lat' dir='ltr'><strong>nomine</strong></span> <span class='ocrx_word' id='word_1_61' title='bbox 694 533 834 564; x_wconf 88' lang='lat' dir='ltr'>Domini.</span> <span class='ocrx_word' id='word_1_62' title='bbox 925 531 973 573; x_wconf 81' lang='lat'><strong>(1)</strong></span> <span class='ocrx_word' id='word_1_63' title='bbox 998 531 1065 562; x_wconf 80' lang='lat' dir='ltr'><strong>Nos</strong></span> <span class='ocrx_word' id='word_1_64' title='bbox 1090 531 1275 562; x_wconf 78' lang='lat' dir='ltr'><strong>Henricus³</strong></span> <span class='ocrx_word' id='word_1_65' title='bbox 1298 530 1359 561; x_wconf 88' lang='lat' dir='ltr'><strong>Dei</strong></span> <span class='ocrx_word' id='word_1_66' title='bbox 1385 531 1488 572; x_wconf 86' lang='lat' dir='ltr'><strong>gratia</strong></span> <span class='ocrx_word' id='word_1_67' title='bbox 1505 530 1724 561; x_wconf 89' lang='lat' dir='ltr'><strong>Romanorum</strong></span> <span class='ocrx_word' id='word_1_68' title='bbox 1748 530 1923 571; x_wconf 88' lang='lat' dir='ltr'><strong>imperator</strong></span> <span class='ocrx_word' id='word_1_69' title='bbox 1940 540 2015 560; x_wconf 90' lang='lat' dir='ltr'><strong>con-</strong></span> 
     </span>
     <span class='ocr_line' id='line_1_8' title="bbox 374 580 2015 624; baseline -0.004 -7"><span class='ocrx_word' id='word_1_70' title='bbox 374 588 537 618; x_wconf 82' lang='lat' dir='ltr'><strong>firmamus</strong></span> <span class='ocrx_word' id='word_1_71' title='bbox 556 584 802 616; x_wconf 81' lang='lat' dir='ltr'><strong>Brixiensibusb</strong></span> <span class='ocrx_word' id='word_1_72' title='bbox 827 595 938 615; x_wconf 89' lang='lat' dir='ltr'><strong>omnes</strong></span> <span class='ocrx_word' id='word_1_73' title='bbox 955 583 1183 614; x_wconf 86' lang='lat' dir='ltr'><strong>concessiones</strong></span> <span class='ocrx_word' id='word_1_74' title='bbox 1202 593 1280 624; x_wconf 88' lang='lat' dir='ltr'><strong>quas</strong></span> <span class='ocrx_word' id='word_1_75' title='bbox 1298 583 1330 613; x_wconf 90' lang='lat' dir='ltr'><strong>in</strong></span> <span class='ocrx_word' id='word_1_76' title='bbox 1348 585 1460 613; x_wconf 87' lang='lat' dir='ltr'><strong>tenore</strong></span> <span class='ocrx_word' id='word_1_77' title='bbox 1478 581 1588 623; x_wconf 88' lang='lat' dir='ltr'><strong>pacis²</strong></span> <span class='ocrx_word' id='word_1_78' title='bbox 1610 581 1656 612; x_wconf 87' lang='lat' dir='ltr'><strong>eis</strong></span> <span class='ocrx_word' id='word_1_79' title='bbox 1674 581 1818 612; x_wconf 86' lang='lat' dir='ltr'><strong>fecimus.</strong></span> <span class='ocrx_word' id='word_1_80' title='bbox 1887 580 1936 622; x_wconf 77' lang='lat'><strong>(2)</strong></span> <span class='ocrx_word' id='word_1_81' title='bbox 1961 580 2015 611; x_wconf 92' lang='lat' dir='ltr'><strong>In-</strong></span> 
     </span>
     <span class='ocr_line' id='line_1_9' title="bbox 375 633 2016 679; baseline -0.004 -10"><span class='ocrx_word' id='word_1_82' title='bbox 375 649 472 679; x_wconf 88' lang='lat' dir='ltr'><strong>super</strong></span> <span class='ocrx_word' id='word_1_83' title='bbox 495 637 702 669; x_wconf 81' lang='lat' dir='ltr'>concedimus</span> <span class='ocrx_word' id='word_1_84' title='bbox 727 635 974 668; x_wconf 78' lang='lat' dir='ltr'><strong>Brixiensibusb</strong></span> <span class='ocrx_word' id='word_1_85' title='bbox 999 635 1106 666; x_wconf 89' lang='lat' dir='ltr'><strong>omnia</strong></span> <span class='ocrx_word' id='word_1_86' title='bbox 1130 635 1252 676; x_wconf 82' lang='lat' dir='ltr'>regalia</span> <span class='ocrx_word' id='word_1_87' title='bbox 1270 645 1332 676; x_wconf 87' lang='lat' dir='ltr'><strong>que</strong></span> <span class='ocrx_word' id='word_1_88' title='bbox 1350 634 1519 675; x_wconf 87' lang='lat' dir='ltr'><strong>imperium</strong></span> <span class='ocrx_word' id='word_1_89' title='bbox 1536 633 1635 664; x_wconf 87' lang='lat' dir='ltr'><strong>habet</strong></span> <span class='ocrx_word' id='word_1_90' title='bbox 1652 633 1683 663; x_wconf 93' lang='lat' dir='ltr'><strong>in</strong></span> <span class='ocrx_word' id='word_1_91' title='bbox 1702 633 1892 675; x_wconf 85' lang='lat' dir='ltr'><strong>episcopatu</strong></span> <span class='ocrx_word' id='word_1_92' title='bbox 1909 633 2016 663; x_wconf 87' lang='lat' dir='ltr'><strong>Brixi-</strong></span> 
     </span>
     <span class='ocr_line' id='line_1_10' title="bbox 374 685 2015 725; baseline -0.004 -4"><span class='ocrx_word' id='word_1_93' title='bbox 374 690 465 722; x_wconf 63' lang='lat' dir='ltr'><strong>unsih</strong></span> <span class='ocrx_word' id='word_1_94' title='bbox 491 701 548 721; x_wconf 89' lang='lat' dir='ltr'><strong>seu</strong></span> <span class='ocrx_word' id='word_1_95' title='bbox 572 689 774 720; x_wconf 89' lang='lat' dir='ltr'><strong>iurisditione</strong></span> <span class='ocrx_word' id='word_1_96' title='bbox 800 689 850 720; x_wconf 88' lang='lat' dir='ltr'><strong>vel</strong></span> <span class='ocrx_word' id='word_1_97' title='bbox 882 688 1039 725; x_wconf 88' lang='lat' dir='ltr'><strong>districtu,</strong></span> <span class='ocrx_word' id='word_1_98' title='bbox 1070 687 1195 718; x_wconf 88' lang='lat' dir='ltr'><strong>scilicet</strong></span> <span class='ocrx_word' id='word_1_99' title='bbox 1220 686 1303 717; x_wconf 88' lang='lat' dir='ltr'><strong>infra</strong></span> <span class='ocrx_word' id='word_1_100' title='bbox 1333 686 1392 717; x_wconf 89' lang='lat' dir='ltr'><strong>hos</strong></span> <span class='ocrx_word' id='word_1_101' title='bbox 1417 685 1573 716; x_wconf 81' lang='lat' dir='ltr'><strong>confines:</strong></span> <span class='ocrx_word' id='word_1_102' title='bbox 1604 685 1635 715; x_wconf 91' lang='lat' dir='ltr'><strong>in</strong></span> <span class='ocrx_word' id='word_1_103' title='bbox 1661 688 1728 716; x_wconf 84' lang='lat' dir='ltr'><strong>tota</strong></span> <span class='ocrx_word' id='word_1_104' title='bbox 1753 688 1841 716; x_wconf 87' lang='lat' dir='ltr'><strong>curte</strong></span> <span class='ocrx_word' id='word_1_105' title='bbox 1866 688 1898 716; x_wconf 86' lang='lat' dir='ltr'><strong>et</strong></span> <span class='ocrx_word' id='word_1_106' title='bbox 1922 685 2015 715; x_wconf 87' lang='lat' dir='ltr'><strong>terri-</strong></span> 
     </span>
     <span class='ocr_line' id='line_1_11' title="bbox 375 736 2017 782; baseline -0.004 -9"><span class='ocrx_word' id='word_1_107' title='bbox 375 742 454 773; x_wconf 87' lang='lat' dir='ltr'><strong>torio</strong></span> <span class='ocrx_word' id='word_1_108' title='bbox 479 742 560 773; x_wconf 87' lang='lat' dir='ltr'><strong>Mosi</strong></span> <span class='ocrx_word' id='word_1_109' title='bbox 584 742 624 772; x_wconf 86' lang='lat' dir='ltr'><strong>ab</strong></span> <span class='ocrx_word' id='word_1_110' title='bbox 649 744 784 782; x_wconf 84' lang='lat' dir='ltr'><strong>utraque</strong></span> <span class='ocrx_word' id='word_1_111' title='bbox 807 743 920 782; x_wconf 83' lang='lat' dir='ltr'><strong>partec</strong></span> <span class='ocrx_word' id='word_1_112' title='bbox 943 739 1082 770; x_wconf 92' lang='lat' dir='ltr'><strong>fluminis</strong></span> <span class='ocrx_word' id='word_1_113' title='bbox 1101 738 1191 771; x_wconf 90' lang='lat' dir='ltr'><strong>Ollii:</strong></span> <span class='ocrx_word' id='word_1_114' title='bbox 1216 743 1248 769; x_wconf 85' lang='lat' dir='ltr'><strong>et</strong></span> <span class='ocrx_word' id='word_1_115' title='bbox 1272 749 1290 769; x_wconf 88' lang='lat' dir='ltr'><strong>a</strong></span> <span class='ocrx_word' id='word_1_116' title='bbox 1314 742 1403 768; x_wconf 90' lang='lat' dir='ltr'><strong>curte</strong></span> <span class='ocrx_word' id='word_1_117' title='bbox 1421 741 1452 768; x_wconf 88' lang='lat' dir='ltr'><strong>et</strong></span> <span class='ocrx_word' id='word_1_118' title='bbox 1469 736 1630 768; x_wconf 85' lang='lat' dir='ltr'><strong>territorio</strong></span> <span class='ocrx_word' id='word_1_119' title='bbox 1648 736 1732 767; x_wconf 89' lang='lat' dir='ltr'><strong>Mosi</strong></span> <span class='ocrx_word' id='word_1_120' title='bbox 1754 737 1908 773; x_wconf 69' lang='lat' dir='ltr'><strong>insusum,</strong></span> <span class='ocrx_word' id='word_1_121' title='bbox 1934 736 2017 766; x_wconf 89' lang='lat' dir='ltr'><strong>sicut</strong></span> 
     </span>
     <span class='ocr_line' id='line_1_12' title="bbox 374 787 2019 834; baseline -0.004 -10"><span class='ocrx_word' id='word_1_122' title='bbox 374 794 443 824; x_wconf 86' lang='lat' dir='ltr'><strong>fluit</strong></span> <span class='ocrx_word' id='word_1_123' title='bbox 473 794 592 824; x_wconf 82' lang='lat' dir='ltr'><strong>flumen</strong></span> <span class='ocrx_word' id='word_1_124' title='bbox 617 793 692 824; x_wconf 90' lang='lat' dir='ltr'><strong>Ollii</strong></span> <span class='ocrx_word' id='word_1_125' title='bbox 722 803 824 834; x_wconf 90' lang='lat' dir='ltr'><strong>usque</strong></span> <span class='ocrx_word' id='word_1_126' title='bbox 854 791 1069 830; x_wconf 69' lang='lat' dir='ltr'><strong>Pallacolum3</strong></span> <span class='ocrx_word' id='word_1_127' title='bbox 1099 794 1130 821; x_wconf 91' lang='lat' dir='ltr'><strong>et</strong></span> <span class='ocrx_word' id='word_1_128' title='bbox 1160 790 1191 820; x_wconf 90' lang='lat' dir='ltr'><strong>in</strong></span> <span class='ocrx_word' id='word_1_129' title='bbox 1222 790 1292 831; x_wconf 89' lang='lat' dir='ltr'><strong>ipso</strong></span> <span class='ocrx_word' id='word_1_130' title='bbox 1326 789 1456 820; x_wconf 87' lang='lat' dir='ltr'><strong>flumine</strong></span> <span class='ocrx_word' id='word_1_131' title='bbox 1483 792 1514 820; x_wconf 85' lang='lat' dir='ltr'><strong>et</strong></span> <span class='ocrx_word' id='word_1_132' title='bbox 1539 788 1616 830; x_wconf 85' lang='lat' dir='ltr'><strong>ripis</strong></span> <span class='ocrx_word' id='word_1_133' title='bbox 1641 789 1710 820; x_wconf 88' lang='lat' dir='ltr'><strong>eius</strong></span> <span class='ocrx_word' id='word_1_134' title='bbox 1735 798 1849 819; x_wconf 90' lang='lat' dir='ltr'><strong>versus</strong></span> <span class='ocrx_word' id='word_1_135' title='bbox 1874 787 2019 818; x_wconf 79' lang='lat' dir='ltr'><strong>Brixiam</strong></span> 
     </span>
     <span class='ocr_line' id='line_1_13' title="bbox 375 840 2019 882; baseline -0.004 -5"><span class='ocrx_word' id='word_1_136' title='bbox 375 850 406 877; x_wconf 87' lang='lat' dir='ltr'><strong>et</strong></span> <span class='ocrx_word' id='word_1_137' title='bbox 432 849 549 877; x_wconf 87' lang='lat' dir='ltr'><strong>terram</strong></span> <span class='ocrx_word' id='word_1_138' title='bbox 573 845 778 881; x_wconf 83' lang='lat' dir='ltr'><strong>Brixianam;</strong></span> <span class='ocrx_word' id='word_1_139' title='bbox 803 848 835 875; x_wconf 91' lang='lat' dir='ltr'><strong>et</strong></span> <span class='ocrx_word' id='word_1_140' title='bbox 860 844 891 874; x_wconf 93' lang='lat' dir='ltr'><strong>in</strong></span> <span class='ocrx_word' id='word_1_141' title='bbox 917 842 1063 873; x_wconf 89' lang='lat' dir='ltr'><strong>omnibus</strong></span> <span class='ocrx_word' id='word_1_142' title='bbox 1087 843 1167 873; x_wconf 89' lang='lat' dir='ltr'><strong>locis</strong></span> <span class='ocrx_word' id='word_1_143' title='bbox 1192 845 1223 873; x_wconf 88' lang='lat' dir='ltr'><strong>et</strong></span> <span class='ocrx_word' id='word_1_144' title='bbox 1241 841 1355 872; x_wconf 86' lang='lat' dir='ltr'><strong>castris</strong></span> <span class='ocrx_word' id='word_1_145' title='bbox 1374 844 1405 872; x_wconf 87' lang='lat' dir='ltr'><strong>et</strong></span> <span class='ocrx_word' id='word_1_146' title='bbox 1428 841 1549 882; x_wconf 87' lang='lat' dir='ltr'><strong>burgis,</strong></span> <span class='ocrx_word' id='word_1_147' title='bbox 1576 841 1657 871; x_wconf 85' lang='lat' dir='ltr'><strong>sicut</strong></span> <span class='ocrx_word' id='word_1_148' title='bbox 1675 840 1896 871; x_wconf 84' lang='lat' dir='ltr'><strong>extenduntur</strong></span> <span class='ocrx_word' id='word_1_149' title='bbox 1912 843 2019 871; x_wconf 86' lang='lat' dir='ltr'><strong>curtes</strong></span> 
     </span>
     <span class='ocr_line' id='line_1_14' title="bbox 376 890 2020 935; baseline -0.005 -6"><span class='ocrx_word' id='word_1_150' title='bbox 376 902 407 929; x_wconf 91' lang='lat' dir='ltr'><strong>ct</strong></span> <span class='ocrx_word' id='word_1_151' title='bbox 439 898 599 929; x_wconf 86' lang='lat' dir='ltr'><strong>territoria</strong></span> <span class='ocrx_word' id='word_1_152' title='bbox 629 898 772 928; x_wconf 88' lang='lat' dir='ltr'><strong>locorum</strong></span> <span class='ocrx_word' id='word_1_153' title='bbox 796 894 1036 926; x_wconf 80' lang='lat' dir='ltr'><strong>Brixiensiumb</strong></span> <span class='ocrx_word' id='word_1_154' title='bbox 1067 894 1106 925; x_wconf 88' lang='lat' dir='ltr'><strong>ab</strong></span> <span class='ocrx_word' id='word_1_155' title='bbox 1139 897 1274 935; x_wconf 82' lang='lat' dir='ltr'><strong>utraque</strong></span> <span class='ocrx_word' id='word_1_156' title='bbox 1303 897 1394 935; x_wconf 84' lang='lat' dir='ltr'><strong>parte</strong></span> <span class='ocrx_word' id='word_1_157' title='bbox 1419 892 1520 924; x_wconf 83' lang='lat' dir='ltr'><strong>Oilei:</strong></span> <span class='ocrx_word' id='word_1_158' title='bbox 1555 896 1587 923; x_wconf 88' lang='lat' dir='ltr'><strong>et</strong></span> <span class='ocrx_word' id='word_1_159' title='bbox 1617 892 1648 922; x_wconf 91' lang='lat' dir='ltr'><strong>in</strong></span> <span class='ocrx_word' id='word_1_160' title='bbox 1681 896 1770 923; x_wconf 88' lang='lat' dir='ltr'><strong>curte</strong></span> <span class='ocrx_word' id='word_1_161' title='bbox 1801 895 1833 922; x_wconf 92' lang='lat' dir='ltr'><strong>et</strong></span> <span class='ocrx_word' id='word_1_162' title='bbox 1861 890 2020 922; x_wconf 87' lang='lat' dir='ltr'><strong>territorio</strong></span> 
     </span>
     <span class='ocr_line' id='line_1_15' title="bbox 376 943 2019 986; baseline -0.005 -5"><span class='ocrx_word' id='word_1_163' title='bbox 376 951 484 986; x_wconf 84' lang='lat' dir='ltr'><strong>Mure:</strong></span> <span class='ocrx_word' id='word_1_164' title='bbox 510 954 541 980; x_wconf 92' lang='lat' dir='ltr'><strong>et</strong></span> <span class='ocrx_word' id='word_1_165' title='bbox 566 950 597 980; x_wconf 92' lang='lat' dir='ltr'><strong>in</strong></span> <span class='ocrx_word' id='word_1_166' title='bbox 622 952 711 980; x_wconf 90' lang='lat' dir='ltr'><strong>curte</strong></span> <span class='ocrx_word' id='word_1_167' title='bbox 737 952 768 979; x_wconf 88' lang='lat' dir='ltr'><strong>et</strong></span> <span class='ocrx_word' id='word_1_168' title='bbox 792 947 951 979; x_wconf 87' lang='lat' dir='ltr'><strong>territorio</strong></span> <span class='ocrx_word' id='word_1_169' title='bbox 972 946 1143 985; x_wconf 67' lang='lat' dir='ltr'><strong>Pallacoli:</strong></span> <span class='ocrx_word' id='word_1_170' title='bbox 1169 950 1201 977; x_wconf 90' lang='lat' dir='ltr'><strong>et</strong></span> <span class='ocrx_word' id='word_1_171' title='bbox 1225 957 1243 976; x_wconf 86' lang='lat' dir='ltr'><strong>a</strong></span> <span class='ocrx_word' id='word_1_172' title='bbox 1260 945 1422 984; x_wconf 64' lang='lat' dir='ltr'><strong>Pallaeolo</strong></span> <span class='ocrx_word' id='word_1_173' title='bbox 1447 945 1593 975; x_wconf 85' lang='lat' dir='ltr'><strong>insusum</strong></span> <span class='ocrx_word' id='word_1_174' title='bbox 1616 955 1717 985; x_wconf 90' lang='lat' dir='ltr'><strong>usque</strong></span> <span class='ocrx_word' id='word_1_175' title='bbox 1735 944 1775 974; x_wconf 88' lang='lat' dir='ltr'><strong>ad</strong></span> <span class='ocrx_word' id='word_1_176' title='bbox 1797 944 1902 974; x_wconf 85' lang='lat' dir='ltr'><strong>lacum</strong></span> <span class='ocrx_word' id='word_1_177' title='bbox 1920 943 2019 981; x_wconf 84' lang='lat' dir='ltr'><strong>Yseo,</strong></span> 
     </span>
     <span class='ocr_line' id='line_1_16' title="bbox 377 994 2014 1039; baseline -0.005 -6"><span class='ocrx_word' id='word_1_178' title='bbox 377 1002 460 1033; x_wconf 91' lang='lat' dir='ltr'><strong>unde</strong></span> <span class='ocrx_word' id='word_1_179' title='bbox 485 1002 554 1032; x_wconf 88' lang='lat' dir='ltr'><strong>fluit</strong></span> <span class='ocrx_word' id='word_1_180' title='bbox 572 1002 690 1032; x_wconf 92' lang='lat' dir='ltr'><strong>Ollium</strong></span> <span class='ocrx_word' id='word_1_181' title='bbox 715 1011 826 1031; x_wconf 87' lang='lat' dir='ltr'><strong>versus</strong></span> <span class='ocrx_word' id='word_1_182' title='bbox 843 999 1003 1030; x_wconf 81' lang='lat' dir='ltr'><strong>Brixiam:</strong></span> <span class='ocrx_word' id='word_1_183' title='bbox 1029 1002 1059 1029; x_wconf 87' lang='lat' dir='ltr'><strong>et</strong></span> <span class='ocrx_word' id='word_1_184' title='bbox 1084 999 1115 1028; x_wconf 92' lang='lat' dir='ltr'><strong>in</strong></span> <span class='ocrx_word' id='word_1_185' title='bbox 1140 998 1208 1039; x_wconf 91' lang='lat' dir='ltr'><strong>ipso</strong></span> <span class='ocrx_word' id='word_1_186' title='bbox 1232 997 1362 1028; x_wconf 87' lang='lat' dir='ltr'><strong>flumine</strong></span> <span class='ocrx_word' id='word_1_187' title='bbox 1388 1000 1420 1028; x_wconf 89' lang='lat' dir='ltr'><strong>et</strong></span> <span class='ocrx_word' id='word_1_188' title='bbox 1437 997 1514 1038; x_wconf 85' lang='lat' dir='ltr'><strong>ripis</strong></span> <span class='ocrx_word' id='word_1_189' title='bbox 1533 997 1601 1027; x_wconf 90' lang='lat' dir='ltr'><strong>eius</strong></span> <span class='ocrx_word' id='word_1_190' title='bbox 1619 1006 1731 1026; x_wconf 83' lang='lat' dir='ltr'><strong>versus</strong></span> <span class='ocrx_word' id='word_1_191' title='bbox 1749 1000 1867 1026; x_wconf 87' lang='lat' dir='ltr'><strong>terram</strong></span> <span class='ocrx_word' id='word_1_192' title='bbox 1886 994 2014 1025; x_wconf 86' lang='lat' dir='ltr'><strong>Brixia-</strong></span> 
     </span>
     <span class='ocr_line' id='line_1_17' title="bbox 377 1047 2019 1094; baseline -0.005 -9"><span class='ocrx_word' id='word_1_193' title='bbox 377 1065 466 1087; x_wconf 80' lang='lat' dir='ltr'><strong>nam:</strong></span> <span class='ocrx_word' id='word_1_194' title='bbox 499 1058 531 1084; x_wconf 89' lang='lat' dir='ltr'><strong>et</strong></span> <span class='ocrx_word' id='word_1_195' title='bbox 558 1053 631 1084; x_wconf 89' lang='lat' dir='ltr'><strong>inde</strong></span> <span class='ocrx_word' id='word_1_196' title='bbox 662 1063 760 1094; x_wconf 86' lang='lat' dir='ltr'><strong>supra</strong></span> <span class='ocrx_word' id='word_1_197' title='bbox 790 1062 846 1093; x_wconf 87' lang='lat' dir='ltr'><strong>per</strong></span> <span class='ocrx_word' id='word_1_198' title='bbox 870 1054 972 1081; x_wconf 90' lang='lat' dir='ltr'><strong>totum</strong></span> <span class='ocrx_word' id='word_1_199' title='bbox 998 1050 1219 1091; x_wconf 87' lang='lat' dir='ltr'><strong>episcopatum</strong></span> <span class='ocrx_word' id='word_1_200' title='bbox 1244 1049 1354 1079; x_wconf 82' lang='lat' dir='ltr'><strong>Brixie</strong></span> <span class='ocrx_word' id='word_1_201' title='bbox 1378 1059 1480 1089; x_wconf 89' lang='lat' dir='ltr'><strong>usque</strong></span> <span class='ocrx_word' id='word_1_202' title='bbox 1505 1047 1545 1078; x_wconf 89' lang='lat' dir='ltr'><strong>ad</strong></span> <span class='ocrx_word' id='word_1_203' title='bbox 1571 1047 1753 1089; x_wconf 84' lang='lat' dir='ltr'><strong>Dalegnum</strong></span> <span class='ocrx_word' id='word_1_204' title='bbox 1779 1050 1811 1078; x_wconf 91' lang='lat' dir='ltr'><strong>et</strong></span> <span class='ocrx_word' id='word_1_205' title='bbox 1834 1057 1892 1088; x_wconf 87' lang='lat' dir='ltr'><strong>per</strong></span> <span class='ocrx_word' id='word_1_206' title='bbox 1917 1049 2019 1076; x_wconf 88' lang='lat' dir='ltr'><strong>totum</strong></span> 
     </span>
     <span class='ocr_line' id='line_1_18' title="bbox 378 1098 2022 1143; baseline -0.005 -6"><span class='ocrx_word' id='word_1_207' title='bbox 378 1106 572 1137; x_wconf 78' lang='lat' dir='ltr'><strong>territorium</strong></span> <span class='ocrx_word' id='word_1_208' title='bbox 598 1106 683 1136; x_wconf 88' lang='lat' dir='ltr'><strong>eius:</strong></span> <span class='ocrx_word' id='word_1_209' title='bbox 710 1108 740 1135; x_wconf 88' lang='lat' dir='ltr'><strong>et</strong></span> <span class='ocrx_word' id='word_1_210' title='bbox 765 1114 783 1134; x_wconf 92' lang='lat' dir='ltr'><strong>a</strong></span> <span class='ocrx_word' id='word_1_211' title='bbox 806 1103 953 1143; x_wconf 83' lang='lat' dir='ltr'><strong>Dalegno</strong></span> <span class='ocrx_word' id='word_1_212' title='bbox 978 1102 1009 1132; x_wconf 89' lang='lat' dir='ltr'><strong>in</strong></span> <span class='ocrx_word' id='word_1_213' title='bbox 1035 1101 1182 1132; x_wconf 89' lang='lat' dir='ltr'><strong>omnibus</strong></span> <span class='ocrx_word' id='word_1_214' title='bbox 1207 1101 1287 1131; x_wconf 84' lang='lat' dir='ltr'><strong>locis</strong></span> <span class='ocrx_word' id='word_1_215' title='bbox 1313 1105 1344 1130; x_wconf 92' lang='lat' dir='ltr'><strong>et</strong></span> <span class='ocrx_word' id='word_1_216' title='bbox 1361 1100 1473 1130; x_wconf 88' lang='lat' dir='ltr'><strong>castris</strong></span> <span class='ocrx_word' id='word_1_217' title='bbox 1500 1104 1531 1131; x_wconf 86' lang='lat' dir='ltr'><strong>et</strong></span> <span class='ocrx_word' id='word_1_218' title='bbox 1555 1099 1675 1141; x_wconf 84' lang='lat' dir='ltr'><strong>burgis,</strong></span> <span class='ocrx_word' id='word_1_219' title='bbox 1701 1109 1762 1140; x_wconf 89' lang='lat' dir='ltr'><strong>que</strong></span> <span class='ocrx_word' id='word_1_220' title='bbox 1785 1098 2022 1139; x_wconf 79' lang='lat' dir='ltr'><strong>distringantur</strong></span> 
     </span>
     <span class='ocr_line' id='line_1_19' title="bbox 378 1150 2023 1200; baseline -0.006 -11"><span class='ocrx_word' id='word_1_221' title='bbox 378 1169 435 1200; x_wconf 83' lang='lat' dir='ltr'><strong>pei·</strong></span> <span class='ocrx_word' id='word_1_222' title='bbox 460 1157 622 1188; x_wconf 88' lang='lat' dir='ltr'><strong>civitatem</strong></span> <span class='ocrx_word' id='word_1_223' title='bbox 647 1156 769 1189; x_wconf 85' lang='lat' dir='ltr'><strong>Brixie.</strong></span> <span class='ocrx_word' id='word_1_224' title='bbox 795 1158 826 1185; x_wconf 86' lang='lat' dir='ltr'><strong>et</strong></span> <span class='ocrx_word' id='word_1_225' title='bbox 852 1154 995 1185; x_wconf 88' lang='lat' dir='ltr'><strong>curtibus</strong></span> <span class='ocrx_word' id='word_1_226' title='bbox 1021 1156 1053 1184; x_wconf 90' lang='lat' dir='ltr'><strong>et</strong></span> <span class='ocrx_word' id='word_1_227' title='bbox 1077 1152 1248 1183; x_wconf 83' lang='lat' dir='ltr'><strong>territoriis</strong></span> <span class='ocrx_word' id='word_1_228' title='bbox 1273 1152 1414 1193; x_wconf 88' lang='lat' dir='ltr'><strong>ipsorum</strong></span> <span class='ocrx_word' id='word_1_229' title='bbox 1439 1151 1582 1182; x_wconf 90' lang='lat' dir='ltr'><strong>locorum</strong></span> <span class='ocrx_word' id='word_1_230' title='bbox 1606 1160 1708 1192; x_wconf 89' lang='lat' dir='ltr'><strong>usque</strong></span> <span class='ocrx_word' id='word_1_231' title='bbox 1725 1150 1923 1181; x_wconf 87' lang='lat' dir='ltr'><strong>Lemonum:</strong></span> <span class='ocrx_word' id='word_1_232' title='bbox 1948 1152 1980 1180; x_wconf 88' lang='lat' dir='ltr'><strong>ct</strong></span> <span class='ocrx_word' id='word_1_233' title='bbox 2004 1160 2023 1179; x_wconf 86' lang='lat' dir='ltr'><strong>a</strong></span> 
     </span>
     <span class='ocr_line' id='line_1_20' title="bbox 377 1201 2021 1249; baseline -0.007 -8"><span class='ocrx_word' id='word_1_234' title='bbox 377 1210 521 1241; x_wconf 90' lang='lat' dir='ltr'><strong>Lcmono</strong></span> <span class='ocrx_word' id='word_1_235' title='bbox 548 1209 586 1240; x_wconf 90' lang='lat' dir='ltr'><strong>ad</strong></span> <span class='ocrx_word' id='word_1_236' title='bbox 612 1209 846 1249; x_wconf 67' lang='lat' dir='ltr'><strong>Poqelengum:</strong></span> <span class='ocrx_word' id='word_1_237' title='bbox 878 1210 909 1237; x_wconf 91' lang='lat' dir='ltr'><strong>et</strong></span> <span class='ocrx_word' id='word_1_238' title='bbox 933 1216 951 1236; x_wconf 92' lang='lat' dir='ltr'><strong>a</strong></span> <span class='ocrx_word' id='word_1_239' title='bbox 975 1205 1158 1246; x_wconf 68' lang='lat' dir='ltr'><strong>Poceleugo</strong></span> <span class='ocrx_word' id='word_1_240' title='bbox 1188 1215 1291 1245; x_wconf 88' lang='lat' dir='ltr'><strong>usque</strong></span> <span class='ocrx_word' id='word_1_241' title='bbox 1323 1203 1362 1234; x_wconf 77' lang='lat' dir='ltr'><strong>ad</strong></span> <span class='ocrx_word' id='word_1_242' title='bbox 1388 1203 1604 1234; x_wconf 86' lang='lat' dir='ltr'><strong>Guditiolum:</strong></span> <span class='ocrx_word' id='word_1_243' title='bbox 1633 1207 1664 1233; x_wconf 91' lang='lat' dir='ltr'><strong>et</strong></span> <span class='ocrx_word' id='word_1_244' title='bbox 1688 1213 1706 1232; x_wconf 92' lang='lat' dir='ltr'><strong>a</strong></span> <span class='ocrx_word' id='word_1_245' title='bbox 1731 1201 1896 1232; x_wconf 85' lang='lat' dir='ltr'><strong>Guditiolo</strong></span> <span class='ocrx_word' id='word_1_246' title='bbox 1921 1211 2021 1242; x_wconf 88' lang='lat' dir='ltr'><strong>usque</strong></span> 
     </span>
    </p>
   </div>
   <div class='ocr_carea' id='block_1_5' title="bbox 377 1252 2060 1299">
    <p class='ocr_par' dir='ltr' id='par_1_5' title="bbox 377 1252 2060 1299">
     <span class='ocr_line' id='line_1_21' title="bbox 377 1252 2060 1299; baseline -0.006 -7"><span class='ocrx_word' id='word_1_247' title='bbox 377 1261 417 1292; x_wconf 75' lang='lat' dir='ltr'><strong>ad</strong></span> <span class='ocrx_word' id='word_1_248' title='bbox 442 1261 584 1292; x_wconf 88' lang='lat' dir='ltr'><strong>Mosum:</strong></span> <span class='ocrx_word' id='word_1_249' title='bbox 610 1265 641 1291; x_wconf 84' lang='lat' dir='ltr'><strong>et</strong></span> <span class='ocrx_word' id='word_1_250' title='bbox 665 1261 695 1290; x_wconf 89' lang='lat' dir='ltr'><strong>in</strong></span> <span class='ocrx_word' id='word_1_251' title='bbox 720 1260 791 1290; x_wconf 84' lang='lat' dir='ltr'><strong>aliis</strong></span> <span class='ocrx_word' id='word_1_252' title='bbox 817 1259 895 1289; x_wconf 86' lang='lat' dir='ltr'><strong>loeis</strong></span> <span class='ocrx_word' id='word_1_253' title='bbox 920 1268 981 1299; x_wconf 91' lang='lat' dir='ltr'><strong>que</strong></span> <span class='ocrx_word' id='word_1_254' title='bbox 1006 1257 1242 1297; x_wconf 86' lang='lat' dir='ltr'><strong>distringuntur</strong></span> <span class='ocrx_word' id='word_1_255' title='bbox 1265 1256 1314 1286; x_wconf 89' lang='lat' dir='ltr'><strong>vel</strong></span> <span class='ocrx_word' id='word_1_256' title='bbox 1340 1255 1618 1296; x_wconf 86' lang='lat' dir='ltr'><strong>distringebantur</strong></span> <span class='ocrx_word' id='word_1_257' title='bbox 1641 1265 1699 1296; x_wconf 91' lang='lat' dir='ltr'><strong>per</strong></span> <span class='ocrx_word' id='word_1_258' title='bbox 1716 1254 1879 1285; x_wconf 83' lang='lat' dir='ltr'><strong>civitatem</strong></span> <span class='ocrx_word' id='word_1_259' title='bbox 1898 1252 2019 1290; x_wconf 85' lang='lat' dir='ltr'><strong>Brixic,</strong></span> <span class='ocrx_word' id='word_1_260' title='bbox 2049 1259 2060 1277; x_wconf 75' lang='lat'><strong><em>2</em></strong></span> 
     </span>
    </p>
   </div>
   <div class='ocr_carea' id='block_1_6' title="bbox 378 1304 2025 1510">
    <p class='ocr_par' dir='ltr' id='par_1_6' title="bbox 378 1304 2025 1510">
     <span class='ocr_line' id='line_1_22' title="bbox 378 1304 2022 1354; baseline -0.005 -10"><span class='ocrx_word' id='word_1_261' title='bbox 378 1314 571 1354; x_wconf 86' lang='lat' dir='ltr'><strong>ubicumque</strong></span> <span class='ocrx_word' id='word_1_262' title='bbox 602 1312 721 1343; x_wconf 82' lang='lat' dir='ltr'><strong>fuerint</strong></span> <span class='ocrx_word' id='word_1_263' title='bbox 750 1312 780 1341; x_wconf 89' lang='lat' dir='ltr'><strong>in</strong></span> <span class='ocrx_word' id='word_1_264' title='bbox 813 1314 899 1341; x_wconf 86' lang='lat' dir='ltr'><strong>terra</strong></span> <span class='ocrx_word' id='word_1_265' title='bbox 924 1314 956 1340; x_wconf 90' lang='lat' dir='ltr'><strong>et</strong></span> <span class='ocrx_word' id='word_1_266' title='bbox 980 1309 1011 1339; x_wconf 93' lang='lat' dir='ltr'><strong>in</strong></span> <span class='ocrx_word' id='word_1_267' title='bbox 1037 1319 1128 1350; x_wconf 84' lang='lat' dir='ltr'><strong>aqua.</strong></span> <span class='ocrx_word' id='word_1_268' title='bbox 1219 1308 1265 1349; x_wconf 87' lang='lat'><strong>(3)</strong></span> <span class='ocrx_word' id='word_1_269' title='bbox 1291 1307 1337 1338; x_wconf 84' lang='lat' dir='ltr'><strong>Eo</strong></span> <span class='ocrx_word' id='word_1_270' title='bbox 1363 1307 1471 1338; x_wconf 89' lang='lat' dir='ltr'><strong>addito</strong></span> <span class='ocrx_word' id='word_1_271' title='bbox 1501 1310 1545 1345; x_wconf 81' lang='lat' dir='ltr'><strong>ut,</strong></span> <span class='ocrx_word' id='word_1_272' title='bbox 1577 1307 1603 1337; x_wconf 90' lang='lat' dir='ltr'><strong>si</strong></span> <span class='ocrx_word' id='word_1_273' title='bbox 1628 1306 1660 1337; x_wconf 93' lang='lat' dir='ltr'><strong>in</strong></span> <span class='ocrx_word' id='word_1_274' title='bbox 1690 1305 1843 1348; x_wconf 85' lang='lat' dir='ltr'><strong>predictis</strong></span> <span class='ocrx_word' id='word_1_275' title='bbox 1867 1304 1945 1335; x_wconf 89' lang='lat' dir='ltr'><strong>loeis</strong></span> <span class='ocrx_word' id='word_1_276' title='bbox 1971 1305 2022 1335; x_wconf 89' lang='lat' dir='ltr'><strong>vel</strong></span> 
     </span>
     <span class='ocr_line' id='line_1_23' title="bbox 381 1357 2025 1406; baseline -0.006 -10"><span class='ocrx_word' id='word_1_277' title='bbox 381 1366 462 1396; x_wconf 87' lang='lat' dir='ltr'><strong>infra</strong></span> <span class='ocrx_word' id='word_1_278' title='bbox 486 1365 648 1406; x_wconf 83' lang='lat' dir='ltr'><strong>predictos</strong></span> <span class='ocrx_word' id='word_1_279' title='bbox 681 1364 760 1394; x_wconf 85' lang='lat' dir='ltr'><strong>fines</strong></span> <span class='ocrx_word' id='word_1_280' title='bbox 791 1374 809 1393; x_wconf 84' lang='lat' dir='ltr'><strong>a</strong></span> <span class='ocrx_word' id='word_1_281' title='bbox 839 1362 979 1403; x_wconf 89' lang='lat' dir='ltr'><strong>glorioso</strong></span> <span class='ocrx_word' id='word_1_282' title='bbox 1013 1365 1103 1402; x_wconf 86' lang='lat' dir='ltr'><strong>patre</strong></span> <span class='ocrx_word' id='word_1_283' title='bbox 1136 1363 1244 1390; x_wconf 89' lang='lat' dir='ltr'><strong>nostro</strong></span> <span class='ocrx_word' id='word_1_284' title='bbox 1269 1359 1462 1390; x_wconf 74' lang='lat' dir='ltr'><strong>Frederico¹l</strong></span> <span class='ocrx_word' id='word_1_285' title='bbox 1486 1359 1569 1390; x_wconf 88' lang='lat' dir='ltr'><strong>bone</strong></span> <span class='ocrx_word' id='word_1_286' title='bbox 1602 1359 1757 1389; x_wconf 85' lang='lat' dir='ltr'><strong>memorie</strong></span> <span class='ocrx_word' id='word_1_287' title='bbox 1782 1357 2025 1388; x_wconf 74' lang='lat' dir='ltr'><strong>Romanorumc</strong></span> 
     </span>
     <span class='ocr_line' id='line_1_24' title="bbox 379 1408 2025 1459; baseline -0.006 -11"><span class='ocrx_word' id='word_1_288' title='bbox 379 1418 573 1459; x_wconf 88' lang='lat' dir='ltr'><strong>imperatore</strong></span> <span class='ocrx_word' id='word_1_289' title='bbox 599 1416 648 1446; x_wconf 88' lang='lat' dir='ltr'><strong>vel</strong></span> <span class='ocrx_word' id='word_1_290' title='bbox 674 1426 691 1446; x_wconf 88' lang='lat' dir='ltr'><strong>a</strong></span> <span class='ocrx_word' id='word_1_291' title='bbox 716 1418 824 1445; x_wconf 84' lang='lat' dir='ltr'><strong>nostra</strong></span> <span class='ocrx_word' id='word_1_292' title='bbox 850 1413 1022 1445; x_wconf 85' lang='lat' dir='ltr'><strong>clementia</strong></span> <span class='ocrx_word' id='word_1_293' title='bbox 1046 1412 1096 1443; x_wconf 88' lang='lat' dir='ltr'><strong>vel</strong></span> <span class='ocrx_word' id='word_1_294' title='bbox 1120 1412 1160 1443; x_wconf 81' lang='lat' dir='ltr'><strong>ab</strong></span> <span class='ocrx_word' id='word_1_295' title='bbox 1185 1422 1232 1446; x_wconf 77' lang='lat' dir='ltr'><strong>eo,</strong></span> <span class='ocrx_word' id='word_1_296' title='bbox 1264 1412 1316 1452; x_wconf 91' lang='lat' dir='ltr'><strong>qui</strong></span> <span class='ocrx_word' id='word_1_297' title='bbox 1341 1421 1360 1441; x_wconf 87' lang='lat' dir='ltr'><strong>a</strong></span> <span class='ocrx_word' id='word_1_298' title='bbox 1384 1411 1476 1441; x_wconf 89' lang='lat' dir='ltr'><strong>nobis</strong></span> <span class='ocrx_word' id='word_1_299' title='bbox 1503 1409 1653 1452; x_wconf 79' lang='lat' dir='ltr'><strong>[habuit],</strong></span> <span class='ocrx_word' id='word_1_300' title='bbox 1684 1409 1814 1451; x_wconf 82' lang='lat' dir='ltr'><strong>aliquod</strong></span> <span class='ocrx_word' id='word_1_301' title='bbox 1838 1408 1948 1439; x_wconf 84' lang='lat' dir='ltr'><strong>datum</strong></span> <span class='ocrx_word' id='word_1_302' title='bbox 1974 1408 2025 1438; x_wconf 85' lang='lat' dir='ltr'><strong>vel</strong></span> 
     </span>
     <span class='ocr_line' id='line_1_25' title="bbox 380 1461 2024 1510; baseline -0.006 -11"><span class='ocrx_word' id='word_1_303' title='bbox 380 1469 533 1510; x_wconf 82' lang='lat' dir='ltr'><strong>scriptum</strong></span> <span class='ocrx_word' id='word_1_304' title='bbox 558 1468 676 1498; x_wconf 88' lang='lat' dir='ltr'><strong>factum</strong></span> <span class='ocrx_word' id='word_1_305' title='bbox 702 1468 798 1497; x_wconf 89' lang='lat' dir='ltr'><strong>fuerit</strong></span> <span class='ocrx_word' id='word_1_306' title='bbox 822 1466 860 1497; x_wconf 89' lang='lat' dir='ltr'><strong>de</strong></span> <span class='ocrx_word' id='word_1_307' title='bbox 884 1465 1037 1507; x_wconf 85' lang='lat' dir='ltr'><strong>predictis</strong></span> <span class='ocrx_word' id='word_1_308' title='bbox 1063 1464 1238 1506; x_wconf 77' lang='lat' dir='ltr'><strong>regalibus,</strong></span> <span class='ocrx_word' id='word_1_309' title='bbox 1264 1462 1510 1494; x_wconf 79' lang='lat' dir='ltr'><strong>Brixicnsibusb</strong></span> <span class='ocrx_word' id='word_1_310' title='bbox 1535 1473 1597 1493; x_wconf 91' lang='lat' dir='ltr'><strong>non</strong></span> <span class='ocrx_word' id='word_1_311' title='bbox 1622 1462 1723 1494; x_wconf 83' lang='lat' dir='ltr'><strong>obsit:</strong></span> <span class='ocrx_word' id='word_1_312' title='bbox 1754 1461 1794 1492; x_wconf 88' lang='lat' dir='ltr'><strong>dc</strong></span> <span class='ocrx_word' id='word_1_313' title='bbox 1819 1461 1946 1502; x_wconf 74' lang='lat' dir='ltr'><strong>quibus7</strong></span> <span class='ocrx_word' id='word_1_314' title='bbox 1971 1461 2024 1501; x_wconf 92' lang='lat' dir='ltr'><strong>qui</strong></span> 
     </span>
    </p>
   </div>
   <div class='ocr_carea' id='block_1_7' title="bbox 2047 744 2069 762">
    <p class='ocr_par' dir='ltr' id='par_1_7' title="bbox 2047 744 2069 762">
     <span class='ocr_line' id='line_1_26' title="bbox 2047 744 2069 762; baseline -0.045 0"><span class='ocrx_word' id='word_1_315' title='bbox 2047 744 2069 762; x_wconf 78' lang='lat' dir='ltr'><strong>lo</strong></span> 
     </span>
    </p>
   </div>
   <div class='ocr_carea' id='block_1_8' title="bbox 380 1511 2076 1562">
    <p class='ocr_par' dir='ltr' id='par_1_8' title="bbox 380 1511 2076 1562">
     <span class='ocr_line' id='line_1_27' title="bbox 380 1511 2076 1562; baseline -0.006 -11"><span class='ocrx_word' id='word_1_316' title='bbox 380 1520 564 1562; x_wconf 74' lang='lat' dir='ltr'><strong>adquisivit,</strong></span> <span class='ocrx_word' id='word_1_317' title='bbox 589 1530 650 1550; x_wconf 91' lang='lat' dir='ltr'><strong>non</strong></span> <span class='ocrx_word' id='word_1_318' title='bbox 677 1519 774 1549; x_wconf 83' lang='lat' dir='ltr'><strong>habet</strong></span> <span class='ocrx_word' id='word_1_319' title='bbox 791 1518 919 1560; x_wconf 86' lang='lat' dir='ltr'><strong>publice</strong></span> <span class='ocrx_word' id='word_1_320' title='bbox 937 1517 1188 1559; x_wconf 81' lang='lat' dir='ltr'><strong>possessionem,</strong></span> <span class='ocrx_word' id='word_1_321' title='bbox 1214 1526 1276 1546; x_wconf 90' lang='lat' dir='ltr'><strong>non</strong></span> <span class='ocrx_word' id='word_1_322' title='bbox 1294 1515 1475 1553; x_wconf 87' lang='lat' dir='ltr'><strong>violentam,</strong></span> <span class='ocrx_word' id='word_1_323' title='bbox 1500 1525 1562 1545; x_wconf 86' lang='lat' dir='ltr'><strong>non</strong></span> <span class='ocrx_word' id='word_1_324' title='bbox 1581 1514 1825 1545; x_wconf 80' lang='lat' dir='ltr'><strong>clandestinam.</strong></span> <span class='ocrx_word' id='word_1_325' title='bbox 1899 1513 1947 1553; x_wconf 63' lang='lat'><strong>(4)</strong></span> <span class='ocrx_word' id='word_1_326' title='bbox 1973 1511 2024 1542; x_wconf 84' lang='lat' dir='ltr'><strong>Ab</strong></span> <span class='ocrx_word' id='word_1_327' title='bbox 2053 1522 2076 1540; x_wconf 74' lang='lat'><strong>2:-</strong></span> 
     </span>
    </p>
   </div>
   <div class='ocr_carea' id='block_1_9' title="bbox 380 1564 2031 2543">
    <p class='ocr_par' dir='ltr' id='par_1_9' title="bbox 380 1564 2031 2543">
     <span class='ocr_line' id='line_1_28' title="bbox 380 1564 2027 1612; baseline -0.006 -8"><span class='ocrx_word' id='word_1_328' title='bbox 380 1574 440 1603; x_wconf 80' lang='lat' dir='ltr'><strong>hac</strong></span> <span class='ocrx_word' id='word_1_329' title='bbox 466 1572 678 1603; x_wconf 83' lang='lat' dir='ltr'><strong>concessione</strong></span> <span class='ocrx_word' id='word_1_330' title='bbox 704 1571 882 1612; x_wconf 82' lang='lat' dir='ltr'><strong>excipimus</strong></span> <span class='ocrx_word' id='word_1_331' title='bbox 908 1569 1015 1600; x_wconf 87' lang='lat' dir='ltr'><strong>omnia</strong></span> <span class='ocrx_word' id='word_1_332' title='bbox 1040 1568 1136 1599; x_wconf 91' lang='lat' dir='ltr'><strong>feuda</strong></span> <span class='ocrx_word' id='word_1_333' title='bbox 1162 1572 1193 1598; x_wconf 88' lang='lat' dir='ltr'><strong>et</strong></span> <span class='ocrx_word' id='word_1_334' title='bbox 1218 1567 1378 1599; x_wconf 85' lang='lat' dir='ltr'><strong>beneficia</strong></span> <span class='ocrx_word' id='word_1_335' title='bbox 1401 1567 1533 1608; x_wconf 86' lang='lat' dir='ltr'><strong>antiqua</strong></span> <span class='ocrx_word' id='word_1_336' title='bbox 1558 1577 1614 1597; x_wconf 90' lang='lat' dir='ltr'><strong>seu</strong></span> <span class='ocrx_word' id='word_1_337' title='bbox 1639 1576 1657 1596; x_wconf 86' lang='lat' dir='ltr'><strong>a</strong></span> <span class='ocrx_word' id='word_1_338' title='bbox 1681 1568 1770 1607; x_wconf 86' lang='lat' dir='ltr'><strong>patre</strong></span> <span class='ocrx_word' id='word_1_339' title='bbox 1796 1568 1905 1595; x_wconf 90' lang='lat' dir='ltr'><strong>nostro</strong></span> <span class='ocrx_word' id='word_1_340' title='bbox 1930 1564 1981 1594; x_wconf 87' lang='lat' dir='ltr'><strong>vel</strong></span> <span class='ocrx_word' id='word_1_341' title='bbox 2009 1575 2027 1594; x_wconf 86' lang='lat' dir='ltr'><strong>a</strong></span> 
     </span>
     <span class='ocr_line' id='line_1_29' title="bbox 381 1617 2027 1664; baseline -0.006 -8"><span class='ocrx_word' id='word_1_342' title='bbox 381 1625 473 1656; x_wconf 85' lang='lat' dir='ltr'><strong>nobis</strong></span> <span class='ocrx_word' id='word_1_343' title='bbox 506 1635 670 1656; x_wconf 80' lang='lat' dir='ltr'><strong>concessa.</strong></span> <span class='ocrx_word' id='word_1_344' title='bbox 702 1623 741 1653; x_wconf 87' lang='lat' dir='ltr'><strong>dc</strong></span> <span class='ocrx_word' id='word_1_345' title='bbox 771 1622 885 1664; x_wconf 86' lang='lat' dir='ltr'><strong>quibus</strong></span> <span class='ocrx_word' id='word_1_346' title='bbox 916 1622 981 1657; x_wconf 73' lang='lat' dir='ltr'><strong>ille,</strong></span> <span class='ocrx_word' id='word_1_347' title='bbox 1015 1620 1068 1662; x_wconf 93' lang='lat' dir='ltr'><strong>qui</strong></span> <span class='ocrx_word' id='word_1_348' title='bbox 1099 1620 1284 1661; x_wconf 71' lang='lat' dir='ltr'><strong>adquisivit,</strong></span> <span class='ocrx_word' id='word_1_349' title='bbox 1317 1619 1521 1650; x_wconf 83' lang='lat' dir='ltr'><strong>manifestam</strong></span> <span class='ocrx_word' id='word_1_350' title='bbox 1550 1618 1649 1649; x_wconf 88' lang='lat' dir='ltr'><strong>habet</strong></span> <span class='ocrx_word' id='word_1_351' title='bbox 1680 1617 1930 1659; x_wconf 87' lang='lat' dir='ltr'><strong>possessionem.</strong></span> <span class='ocrx_word' id='word_1_352' title='bbox 1964 1626 2027 1646; x_wconf 87' lang='lat' dir='ltr'><strong>non</strong></span> 
     </span>
     <span class='ocr_line' id='line_1_30' title="bbox 381 1670 2026 1714; baseline -0.005 -7"><span class='ocrx_word' id='word_1_353' title='bbox 381 1676 627 1713; x_wconf 69' lang='lat' dir='ltr'><strong>clandestinam,</strong></span> <span class='ocrx_word' id='word_1_354' title='bbox 652 1686 713 1706; x_wconf 87' lang='lat' dir='ltr'><strong>non</strong></span> <span class='ocrx_word' id='word_1_355' title='bbox 738 1675 922 1705; x_wconf 83' lang='lat' dir='ltr'><strong>violentam.</strong></span> <span class='ocrx_word' id='word_1_356' title='bbox 969 1673 1011 1703; x_wconf 92' lang='lat' dir='ltr'><strong>Et</strong></span> <span class='ocrx_word' id='word_1_357' title='bbox 1030 1676 1166 1714; x_wconf 85' lang='lat' dir='ltr'><strong>excepto</strong></span> <span class='ocrx_word' id='word_1_358' title='bbox 1191 1671 1282 1702; x_wconf 87' lang='lat' dir='ltr'><strong>fodro</strong></span> <span class='ocrx_word' id='word_1_359' title='bbox 1306 1671 1419 1712; x_wconf 81' lang='lat' dir='ltr'><strong>regali,</strong></span> <span class='ocrx_word' id='word_1_360' title='bbox 1444 1670 1571 1712; x_wconf 89' lang='lat' dir='ltr'><strong>quando</strong></span> <span class='ocrx_word' id='word_1_361' title='bbox 1589 1670 1705 1711; x_wconf 88' lang='lat' dir='ltr'><strong>aliquis</strong></span> <span class='ocrx_word' id='word_1_362' title='bbox 1729 1679 1898 1700; x_wconf 86' lang='lat' dir='ltr'><strong>successor</strong></span> <span class='ocrx_word' id='word_1_363' title='bbox 1915 1671 2026 1698; x_wconf 85' lang='lat' dir='ltr'><strong>noster</strong></span> 
     </span>
     <span class='ocr_line' id='line_1_31' title="bbox 382 1719 2026 1770; baseline -0.005 -11"><span class='ocrx_word' id='word_1_364' title='bbox 382 1729 583 1770; x_wconf 84' lang='lat' dir='ltr'><strong>profecturus</strong></span> <span class='ocrx_word' id='word_1_365' title='bbox 609 1732 657 1758; x_wconf 79' lang='lat' dir='ltr'><strong>cst</strong></span> <span class='ocrx_word' id='word_1_366' title='bbox 682 1727 818 1757; x_wconf 82' lang='lat' dir='ltr'><strong>Romam</strong></span> <span class='ocrx_word' id='word_1_367' title='bbox 842 1736 898 1767; x_wconf 85' lang='lat' dir='ltr'><strong>pre</strong></span> <span class='ocrx_word' id='word_1_368' title='bbox 923 1735 1041 1755; x_wconf 88' lang='lat' dir='ltr'><strong>corona</strong></span> <span class='ocrx_word' id='word_1_369' title='bbox 1066 1723 1273 1766; x_wconf 86' lang='lat' dir='ltr'><strong>suscipienda</strong></span> <span class='ocrx_word' id='word_1_370' title='bbox 1298 1723 1337 1754; x_wconf 89' lang='lat' dir='ltr'><strong>ab</strong></span> <span class='ocrx_word' id='word_1_371' title='bbox 1362 1723 1412 1753; x_wconf 87' lang='lat' dir='ltr'><strong>his</strong></span> <span class='ocrx_word' id='word_1_372' title='bbox 1438 1723 1490 1764; x_wconf 92' lang='lat' dir='ltr'><strong>qui</strong></span> <span class='ocrx_word' id='word_1_373' title='bbox 1517 1722 1622 1753; x_wconf 86' lang='lat' dir='ltr'><strong>solent</strong></span> <span class='ocrx_word' id='word_1_374' title='bbox 1647 1725 1678 1752; x_wconf 88' lang='lat' dir='ltr'><strong>et</strong></span> <span class='ocrx_word' id='word_1_375' title='bbox 1702 1721 1822 1752; x_wconf 88' lang='lat' dir='ltr'><strong>debent</strong></span> <span class='ocrx_word' id='word_1_376' title='bbox 1847 1719 2026 1762; x_wconf 86' lang='lat' dir='ltr'><strong>predictum</strong></span> 
     </span>
     <span class='ocr_line' id='line_1_32' title="bbox 381 1772 2026 1819; baseline -0.005 -8"><span class='ocrx_word' id='word_1_377' title='bbox 381 1780 507 1811; x_wconf 83' lang='lat' dir='ltr'><strong>fodrum</strong></span> <span class='ocrx_word' id='word_1_378' title='bbox 532 1779 617 1810; x_wconf 87' lang='lat' dir='ltr'><strong>dare.</strong></span> <span class='ocrx_word' id='word_1_379' title='bbox 664 1779 705 1809; x_wconf 80' lang='lat' dir='ltr'><strong>Et</strong></span> <span class='ocrx_word' id='word_1_380' title='bbox 730 1778 877 1819; x_wconf 83' lang='lat' dir='ltr'><strong>exceptis</strong></span> <span class='ocrx_word' id='word_1_381' title='bbox 907 1776 1176 1819; x_wconf 78' lang='lat' dir='ltr'><strong>appellationibus</strong></span> <span class='ocrx_word' id='word_1_382' title='bbox 1203 1775 1379 1806; x_wconf 88' lang='lat' dir='ltr'><strong>secundum</strong></span> <span class='ocrx_word' id='word_1_383' title='bbox 1405 1774 1488 1816; x_wconf 88' lang='lat' dir='ltr'><strong>quod</strong></span> <span class='ocrx_word' id='word_1_384' title='bbox 1513 1775 1544 1805; x_wconf 91' lang='lat' dir='ltr'><strong>in</strong></span> <span class='ocrx_word' id='word_1_385' title='bbox 1568 1774 1670 1805; x_wconf 86' lang='lat' dir='ltr'><strong>forma</strong></span> <span class='ocrx_word' id='word_1_386' title='bbox 1693 1772 1808 1815; x_wconf 79' lang='lat' dir='ltr'><strong>pacis³</strong></span> <span class='ocrx_word' id='word_1_387' title='bbox 1833 1772 2026 1803; x_wconf 86' lang='lat' dir='ltr'><strong>continetur.</strong></span> 
     </span>
     <span class='ocr_line' id='line_1_33' title="bbox 383 1826 2025 1873; baseline -0.006 -10"><span class='ocrx_word' id='word_1_388' title='bbox 383 1833 430 1873; x_wconf 59' lang='lat'><strong>(5)</strong></span> <span class='ocrx_word' id='word_1_389' title='bbox 458 1832 520 1863; x_wconf 88' lang='lat' dir='ltr'><strong>Pro</strong></span> <span class='ocrx_word' id='word_1_390' title='bbox 551 1831 704 1873; x_wconf 79' lang='lat' dir='ltr'><strong>predictis</strong></span> <span class='ocrx_word' id='word_1_391' title='bbox 737 1834 845 1861; x_wconf 86' lang='lat' dir='ltr'><strong>autem</strong></span> <span class='ocrx_word' id='word_1_392' title='bbox 876 1829 1051 1870; x_wconf 78' lang='lat' dir='ltr'><strong>regalibus,</strong></span> <span class='ocrx_word' id='word_1_393' title='bbox 1082 1838 1143 1869; x_wconf 89' lang='lat' dir='ltr'><strong>que</strong></span> <span class='ocrx_word' id='word_1_394' title='bbox 1176 1828 1221 1858; x_wconf 88' lang='lat' dir='ltr'><strong>eis</strong></span> <span class='ocrx_word' id='word_1_395' title='bbox 1254 1828 1284 1857; x_wconf 90' lang='lat' dir='ltr'><strong>in</strong></span> <span class='ocrx_word' id='word_1_396' title='bbox 1309 1837 1387 1868; x_wconf 88' lang='lat' dir='ltr'><strong>pace</strong></span> <span class='ocrx_word' id='word_1_397' title='bbox 1413 1837 1475 1857; x_wconf 92' lang='lat' dir='ltr'><strong>non</strong></span> <span class='ocrx_word' id='word_1_398' title='bbox 1501 1826 1720 1857; x_wconf 87' lang='lat' dir='ltr'><strong>concessimus</strong></span> <span class='ocrx_word' id='word_1_399' title='bbox 1745 1828 1777 1856; x_wconf 90' lang='lat' dir='ltr'><strong>et</strong></span> <span class='ocrx_word' id='word_1_400' title='bbox 1801 1834 1884 1855; x_wconf 88' lang='lat' dir='ltr'><strong>nunc</strong></span> <span class='ocrx_word' id='word_1_401' title='bbox 1909 1833 2025 1853; x_wconf 89' lang='lat' dir='ltr'><strong>conce-</strong></span> 
     </span>
     <span class='ocr_line' id='line_1_34' title="bbox 383 1874 2030 1919; baseline -0.006 -4"><span class='ocrx_word' id='word_1_402' title='bbox 383 1885 496 1916; x_wconf 77' lang='lat' dir='ltr'><strong>dimus.</strong></span> <span class='ocrx_word' id='word_1_403' title='bbox 522 1883 644 1914; x_wconf 87' lang='lat' dir='ltr'><strong>dabunt</strong></span> <span class='ocrx_word' id='word_1_404' title='bbox 667 1882 760 1913; x_wconf 90' lang='lat' dir='ltr'><strong>nobis</strong></span> <span class='ocrx_word' id='word_1_405' title='bbox 786 1882 837 1912; x_wconf 91' lang='lat' dir='ltr'><strong>vcl</strong></span> <span class='ocrx_word' id='word_1_406' title='bbox 861 1881 973 1911; x_wconf 88' lang='lat' dir='ltr'><strong>nuntio</strong></span> <span class='ocrx_word' id='word_1_407' title='bbox 998 1884 1108 1911; x_wconf 86' lang='lat' dir='ltr'><strong>nostro</strong></span> <span class='ocrx_word' id='word_1_408' title='bbox 1134 1880 1165 1910; x_wconf 92' lang='lat' dir='ltr'><strong>in</strong></span> <span class='ocrx_word' id='word_1_409' title='bbox 1190 1879 1321 1910; x_wconf 79' lang='lat' dir='ltr'><strong>civitate</strong></span> <span class='ocrx_word' id='word_1_410' title='bbox 1346 1878 1456 1909; x_wconf 88' lang='lat' dir='ltr'><strong>Brixie</strong></span> <span class='ocrx_word' id='word_1_411' title='bbox 1482 1878 1512 1908; x_wconf 94' lang='lat' dir='ltr'><strong>in</strong></span> <span class='ocrx_word' id='word_1_412' title='bbox 1537 1877 1692 1919; x_wconf 83' lang='lat' dir='ltr'><strong>proximis</strong></span> <span class='ocrx_word' id='word_1_413' title='bbox 1718 1876 1874 1907; x_wconf 89' lang='lat' dir='ltr'><strong>Kalendis</strong></span> <span class='ocrx_word' id='word_1_414' title='bbox 1899 1874 2030 1906; x_wconf 72' lang='lat' dir='ltr'><strong>Marciis</strong></span> 
     </span>
     <span class='ocr_line' id='line_1_35' title="bbox 383 1927 2026 1977; baseline -0.006 -10"><span class='ocrx_word' id='word_1_415' title='bbox 383 1940 415 1968; x_wconf 87' lang='lat' dir='ltr'><strong>ct</strong></span> <span class='ocrx_word' id='word_1_416' title='bbox 446 1947 462 1966; x_wconf 76' lang='lat' dir='ltr'><strong>a</strong></span> <span class='ocrx_word' id='word_1_417' title='bbox 496 1935 650 1977; x_wconf 85' lang='lat' dir='ltr'><strong>proximis</strong></span> <span class='ocrx_word' id='word_1_418' title='bbox 675 1933 833 1965; x_wconf 85' lang='lat' dir='ltr'><strong>Kalendis</strong></span> <span class='ocrx_word' id='word_1_419' title='bbox 858 1932 987 1964; x_wconf 73' lang='lat' dir='ltr'><strong>Marciis</strong></span> <span class='ocrx_word' id='word_1_420' title='bbox 1016 1933 1147 1963; x_wconf 86' lang='lat' dir='ltr'><strong>inantea</strong></span> <span class='ocrx_word' id='word_1_421' title='bbox 1176 1931 1311 1972; x_wconf 82' lang='lat' dir='ltr'><strong>singulis</strong></span> <span class='ocrx_word' id='word_1_422' title='bbox 1341 1931 1432 1961; x_wconf 85' lang='lat' dir='ltr'><strong>annis</strong></span> <span class='ocrx_word' id='word_1_423' title='bbox 1461 1940 1518 1971; x_wconf 89' lang='lat' dir='ltr'><strong>pro</strong></span> <span class='ocrx_word' id='word_1_424' title='bbox 1544 1940 1643 1961; x_wconf 89' lang='lat' dir='ltr'><strong>censu</strong></span> <span class='ocrx_word' id='word_1_425' title='bbox 1669 1953 1798 1961; x_wconf 87' lang='lat'>......</span> <span class='ocrx_word' id='word_1_426' title='bbox 1803 1933 1817 1951; x_wconf 60' lang='grc' dir='ltr'>Β</span> <span class='ocrx_word' id='word_1_427' title='bbox 1841 1927 1942 1958; x_wconf 80' lang='lat' dir='ltr'><strong>libras</strong></span> <span class='ocrx_word' id='word_1_428' title='bbox 1967 1927 2026 1957; x_wconf 90' lang='lat' dir='ltr'><strong>im-</strong></span> 
     </span>
     <span class='ocr_line' id='line_1_36' title="bbox 383 1981 2024 2030; baseline -0.005 -12"><span class='ocrx_word' id='word_1_429' title='bbox 383 1987 553 2030; x_wconf 73' lang='lat' dir='ltr'><strong>perialesh.</strong></span> <span class='ocrx_word' id='word_1_430' title='bbox 644 1988 689 2026; x_wconf 76' lang='lat'><strong>(6)</strong></span> <span class='ocrx_word' id='word_1_431' title='bbox 715 1986 765 2016; x_wconf 88' lang='lat' dir='ltr'><strong>Ad</strong></span> <span class='ocrx_word' id='word_1_432' title='bbox 791 1985 942 2016; x_wconf 86' lang='lat' dir='ltr'><strong>maiorem</strong></span> <span class='ocrx_word' id='word_1_433' title='bbox 968 1988 1076 2015; x_wconf 90' lang='lat' dir='ltr'><strong>autem</strong></span> <span class='ocrx_word' id='word_1_434' title='bbox 1100 1983 1174 2014; x_wconf 86' lang='lat' dir='ltr'><strong>fidei</strong></span> <span class='ocrx_word' id='word_1_435' title='bbox 1199 1990 1231 2014; x_wconf 84' lang='lat' dir='ltr'><strong>et</strong></span> <span class='ocrx_word' id='word_1_436' title='bbox 1255 1983 1357 2024; x_wconf 83' lang='lat' dir='ltr'><strong>gratie</strong></span> <span class='ocrx_word' id='word_1_437' title='bbox 1382 1986 1491 2013; x_wconf 84' lang='lat' dir='ltr'><strong>nostre</strong></span> <span class='ocrx_word' id='word_1_438' title='bbox 1516 1981 1751 2023; x_wconf 89' lang='lat' dir='ltr'><strong>plenitudinem</strong></span> <span class='ocrx_word' id='word_1_439' title='bbox 1769 1983 1930 2011; x_wconf 89' lang='lat' dir='ltr'><strong>eteorum</strong></span> <span class='ocrx_word' id='word_1_440' title='bbox 1949 1988 2024 2009; x_wconf 86' lang='lat' dir='ltr'><strong>cau-</strong></span> 
     </span>
     <span class='ocr_line' id='line_1_37' title="bbox 383 2030 2026 2075; baseline -0.005 -5"><span class='ocrx_word' id='word_1_441' title='bbox 383 2040 481 2071; x_wconf 88' lang='lat' dir='ltr'><strong>telam</strong></span> <span class='ocrx_word' id='word_1_442' title='bbox 507 2043 538 2070; x_wconf 86' lang='lat' dir='ltr'><strong>et</strong></span> <span class='ocrx_word' id='word_1_443' title='bbox 563 2039 769 2070; x_wconf 87' lang='lat' dir='ltr'><strong>securitatem</strong></span> <span class='ocrx_word' id='word_1_444' title='bbox 801 2037 897 2068; x_wconf 83' lang='lat' dir='ltr'><strong>talem</strong></span> <span class='ocrx_word' id='word_1_445' title='bbox 923 2047 994 2067; x_wconf 91' lang='lat' dir='ltr'><strong>cum</strong></span> <span class='ocrx_word' id='word_1_446' title='bbox 1018 2034 1267 2066; x_wconf 78' lang='lat' dir='ltr'><strong>Brixiensibusb</strong></span> <span class='ocrx_word' id='word_1_447' title='bbox 1292 2035 1409 2065; x_wconf 90' lang='lat' dir='ltr'><strong>inimus</strong></span> <span class='ocrx_word' id='word_1_448' title='bbox 1434 2034 1628 2075; x_wconf 79' lang='lat' dir='ltr'><strong>pactionem,</strong></span> <span class='ocrx_word' id='word_1_449' title='bbox 1659 2043 1720 2074; x_wconf 87' lang='lat' dir='ltr'><strong>que</strong></span> <span class='ocrx_word' id='word_1_450' title='bbox 1751 2033 1928 2063; x_wconf 85' lang='lat' dir='ltr'><strong>iuramento</strong></span> <span class='ocrx_word' id='word_1_451' title='bbox 1953 2030 2026 2061; x_wconf 88' lang='lat' dir='ltr'><strong>hinc</strong></span> 
     </span>
     <span class='ocr_line' id='line_1_38' title="bbox 384 2082 2026 2129; baseline -0.006 -7"><span class='ocrx_word' id='word_1_452' title='bbox 384 2092 457 2123; x_wconf 86' lang='lat' dir='ltr'><strong>inde</strong></span> <span class='ocrx_word' id='word_1_453' title='bbox 483 2091 608 2122; x_wconf 88' lang='lat' dir='ltr'><strong>firmata</strong></span> <span class='ocrx_word' id='word_1_454' title='bbox 633 2094 692 2121; x_wconf 86' lang='lat' dir='ltr'><strong>est.</strong></span> <span class='ocrx_word' id='word_1_455' title='bbox 739 2089 862 2120; x_wconf 80' lang='lat' dir='ltr'><strong>Iuravit</strong></span> <span class='ocrx_word' id='word_1_456' title='bbox 887 2088 928 2119; x_wconf 88' lang='lat' dir='ltr'><strong>H.</strong></span> <span class='ocrx_word' id='word_1_457' title='bbox 953 2088 1107 2129; x_wconf 81' lang='lat' dir='ltr'><strong>parabola</strong></span> <span class='ocrx_word' id='word_1_458' title='bbox 1131 2087 1162 2117; x_wconf 92' lang='lat' dir='ltr'><strong>in</strong></span> <span class='ocrx_word' id='word_1_459' title='bbox 1188 2087 1296 2117; x_wconf 81' lang='lat' dir='ltr'><strong>anima</strong></span> <span class='ocrx_word' id='word_1_460' title='bbox 1320 2090 1439 2123; x_wconf 87' lang='lat' dir='ltr'><strong>nostra,</strong></span> <span class='ocrx_word' id='word_1_461' title='bbox 1465 2085 1551 2127; x_wconf 88' lang='lat' dir='ltr'><strong>quod</strong></span> <span class='ocrx_word' id='word_1_462' title='bbox 1568 2096 1623 2115; x_wconf 88' lang='lat' dir='ltr'><strong>nos</strong></span> <span class='ocrx_word' id='word_1_463' title='bbox 1641 2083 1925 2115; x_wconf 88' lang='lat' dir='ltr'><strong>manutenebimus</strong></span> <span class='ocrx_word' id='word_1_464' title='bbox 1947 2082 2026 2113; x_wconf 89' lang='lat' dir='ltr'><strong>civi-</strong></span> 
     </span>
     <span class='ocr_line' id='line_1_39' title="bbox 385 2134 2026 2178; baseline -0.006 -4"><span class='ocrx_word' id='word_1_465' title='bbox 385 2147 483 2174; x_wconf 86' lang='lat' dir='ltr'><strong>tatem</strong></span> <span class='ocrx_word' id='word_1_466' title='bbox 508 2142 619 2173; x_wconf 89' lang='lat' dir='ltr'><strong>Brixie</strong></span> <span class='ocrx_word' id='word_1_467' title='bbox 643 2146 675 2173; x_wconf 87' lang='lat' dir='ltr'><strong>et</strong></span> <span class='ocrx_word' id='word_1_468' title='bbox 699 2141 922 2172; x_wconf 86' lang='lat' dir='ltr'><strong>adiuvabimus</strong></span> <span class='ocrx_word' id='word_1_469' title='bbox 947 2139 1157 2170; x_wconf 83' lang='lat' dir='ltr'><strong>Brixienses¹’</strong></span> <span class='ocrx_word' id='word_1_470' title='bbox 1182 2142 1394 2169; x_wconf 80' lang='lat' dir='ltr'><strong>manutenere</strong></span> <span class='ocrx_word' id='word_1_471' title='bbox 1419 2148 1530 2168; x_wconf 91' lang='lat' dir='ltr'><strong>omnes</strong></span> <span class='ocrx_word' id='word_1_472' title='bbox 1547 2136 1782 2178; x_wconf 86' lang='lat' dir='ltr'><strong>suprascriptas</strong></span> <span class='ocrx_word' id='word_1_473' title='bbox 1801 2134 2026 2166; x_wconf 85' lang='lat' dir='ltr'><strong>concessiones</strong></span> 
     </span>
     <span class='ocr_line' id='line_1_40' title="bbox 386 2187 2025 2234; baseline -0.006 -8"><span class='ocrx_word' id='word_1_474' title='bbox 386 2199 417 2226; x_wconf 87' lang='lat' dir='ltr'><strong>et</strong></span> <span class='ocrx_word' id='word_1_475' title='bbox 442 2194 699 2225; x_wconf 83' lang='lat' dir='ltr'><strong>confirmationes</strong></span> <span class='ocrx_word' id='word_1_476' title='bbox 725 2196 756 2223; x_wconf 89' lang='lat' dir='ltr'><strong>et</strong></span> <span class='ocrx_word' id='word_1_477' title='bbox 780 2192 1014 2234; x_wconf 78' lang='lat' dir='ltr'><strong>possessiones,</strong></span> <span class='ocrx_word' id='word_1_478' title='bbox 1040 2191 1118 2227; x_wconf 81' lang='lat' dir='ltr'><strong>iura,</strong></span> <span class='ocrx_word' id='word_1_479' title='bbox 1144 2191 1287 2221; x_wconf 84' lang='lat' dir='ltr'><strong>iusticias</strong></span> <span class='ocrx_word' id='word_1_480' title='bbox 1312 2194 1344 2220; x_wconf 88' lang='lat' dir='ltr'><strong>ct</strong></span> <span class='ocrx_word' id='word_1_481' title='bbox 1369 2190 1522 2220; x_wconf 86' lang='lat' dir='ltr'><strong>rationes.</strong></span> <span class='ocrx_word' id='word_1_482' title='bbox 1569 2188 1611 2219; x_wconf 76' lang='lat' dir='ltr'><strong>Et</strong></span> <span class='ocrx_word' id='word_1_483' title='bbox 1636 2189 1661 2219; x_wconf 93' lang='lat' dir='ltr'><strong>si</strong></span> <span class='ocrx_word' id='word_1_484' title='bbox 1686 2198 1765 2229; x_wconf 81' lang='lat' dir='ltr'><strong>quas</strong></span> <span class='ocrx_word' id='word_1_485' title='bbox 1790 2187 2025 2228; x_wconf 79' lang='lat' dir='ltr'><strong>possessioncS,</strong></span> 
     </span>
     <span class='ocr_line' id='line_1_41' title="bbox 387 2239 2027 2283; baseline -0.007 -5"><span class='ocrx_word' id='word_1_486' title='bbox 387 2249 466 2283; x_wconf 81' lang='lat' dir='ltr'><strong>iura,</strong></span> <span class='ocrx_word' id='word_1_487' title='bbox 492 2247 632 2277; x_wconf 82' lang='lat' dir='ltr'><strong>iustitias</strong></span> <span class='ocrx_word' id='word_1_488' title='bbox 658 2248 690 2276; x_wconf 84' lang='lat' dir='ltr'><strong>et</strong></span> <span class='ocrx_word' id='word_1_489' title='bbox 708 2245 849 2276; x_wconf 85' lang='lat' dir='ltr'><strong>rationes</strong></span> <span class='ocrx_word' id='word_1_490' title='bbox 867 2244 1045 2274; x_wconf 85' lang='lat' dir='ltr'><strong>amiserunt</strong></span> <span class='ocrx_word' id='word_1_491' title='bbox 1062 2243 1113 2274; x_wconf 88' lang='lat' dir='ltr'><strong>vel</strong></span> <span class='ocrx_word' id='word_1_492' title='bbox 1131 2243 1306 2276; x_wconf 83' lang='lat' dir='ltr'><strong>amiserint,</strong></span> <span class='ocrx_word' id='word_1_493' title='bbox 1332 2252 1387 2272; x_wconf 86' lang='lat' dir='ltr'><strong>eos</strong></span> <span class='ocrx_word' id='word_1_494' title='bbox 1406 2240 1630 2272; x_wconf 82' lang='lat' dir='ltr'><strong>adiuvabimus</strong></span> <span class='ocrx_word' id='word_1_495' title='bbox 1647 2239 1731 2270; x_wconf 86' lang='lat' dir='ltr'><strong>bona</strong></span> <span class='ocrx_word' id='word_1_496' title='bbox 1748 2239 1810 2269; x_wconf 90' lang='lat' dir='ltr'><strong>fide</strong></span> <span class='ocrx_word' id='word_1_497' title='bbox 1827 2248 2027 2279; x_wconf 84' lang='lat' dir='ltr'><strong>recuperare.</strong></span> 
     </span>
     <span class='ocr_line' id='line_1_42' title="bbox 386 2289 2029 2334; baseline -0.007 -4"><span class='ocrx_word' id='word_1_498' title='bbox 386 2299 428 2330; x_wconf 88' lang='lat' dir='ltr'><strong>Et</strong></span> <span class='ocrx_word' id='word_1_499' title='bbox 452 2298 676 2329; x_wconf 84' lang='lat' dir='ltr'><strong>adiuvabimus</strong></span> <span class='ocrx_word' id='word_1_500' title='bbox 703 2307 758 2327; x_wconf 85' lang='lat' dir='ltr'><strong>eos</strong></span> <span class='ocrx_word' id='word_1_501' title='bbox 784 2299 896 2327; x_wconf 85' lang='lat' dir='ltr'><strong>eontra</strong></span> <span class='ocrx_word' id='word_1_502' title='bbox 920 2305 1028 2326; x_wconf 88' lang='lat' dir='ltr'><strong>omnes</strong></span> <span class='ocrx_word' id='word_1_503' title='bbox 1054 2294 1212 2329; x_wconf 81' lang='lat' dir='ltr'><strong>civitates,</strong></span> <span class='ocrx_word' id='word_1_504' title='bbox 1243 2294 1312 2324; x_wconf 84' lang='lat' dir='ltr'><strong>loca</strong></span> <span class='ocrx_word' id='word_1_505' title='bbox 1337 2294 1387 2324; x_wconf 90' lang='lat' dir='ltr'><strong>vel</strong></span> <span class='ocrx_word' id='word_1_506' title='bbox 1412 2303 1566 2334; x_wconf 88' lang='lat' dir='ltr'><strong>personas</strong></span> <span class='ocrx_word' id='word_1_507' title='bbox 1591 2290 1797 2328; x_wconf 83' lang='lat' dir='ltr'><strong>Lombardie,</strong></span> <span class='ocrx_word' id='word_1_508' title='bbox 1827 2289 1972 2320; x_wconf 83' lang='lat' dir='ltr'><strong>Marchie</strong></span> <span class='ocrx_word' id='word_1_509' title='bbox 1997 2292 2029 2319; x_wconf 91' lang='lat' dir='ltr'><strong>ct</strong></span> 
     </span>
     <span class='ocr_line' id='line_1_43' title="bbox 386 2341 2027 2389; baseline -0.007 -7"><span class='ocrx_word' id='word_1_510' title='bbox 386 2350 594 2385; x_wconf 82' lang='lat' dir='ltr'><strong>Romaniole;</strong></span> <span class='ocrx_word' id='word_1_511' title='bbox 626 2349 671 2379; x_wconf 84' lang='lat' dir='ltr'><strong>ita</strong></span> <span class='ocrx_word' id='word_1_512' title='bbox 699 2352 733 2379; x_wconf 91' lang='lat' dir='ltr'><strong>ut</strong></span> <span class='ocrx_word' id='word_1_513' title='bbox 761 2358 818 2389; x_wconf 89' lang='lat' dir='ltr'><strong>pro</strong></span> <span class='ocrx_word' id='word_1_514' title='bbox 849 2347 982 2388; x_wconf 84' lang='lat' dir='ltr'><strong>speci-ali</strong></span> <span class='ocrx_word' id='word_1_515' title='bbox 1013 2346 1143 2386; x_wconf 85' lang='lat' dir='ltr'><strong>negotio</strong></span> <span class='ocrx_word' id='word_1_516' title='bbox 1174 2345 1381 2386; x_wconf 83' lang='lat' dir='ltr'><strong>Papiensium</strong></span> <span class='ocrx_word' id='word_1_517' title='bbox 1414 2355 1478 2375; x_wconf 90' lang='lat' dir='ltr'><strong>non</strong></span> <span class='ocrx_word' id='word_1_518' title='bbox 1510 2344 1667 2374; x_wconf 83' lang='lat' dir='ltr'><strong>faciamus</strong></span> <span class='ocrx_word' id='word_1_519' title='bbox 1700 2352 1850 2383; x_wconf 85' lang='lat' dir='ltr'><strong>guerram</strong></span> <span class='ocrx_word' id='word_1_520' title='bbox 1875 2341 2027 2372; x_wconf 88' lang='lat' dir='ltr'><strong>Brixicn-</strong></span> 
     </span>
     <span class='ocr_line' id='line_1_44' title="bbox 387 2395 2027 2442; baseline -0.005 -9"><span class='ocrx_word' id='word_1_521' title='bbox 387 2401 507 2434; x_wconf 76' lang='lat' dir='ltr'><strong>sibusb.</strong></span> <span class='ocrx_word' id='word_1_522' title='bbox 537 2411 595 2431; x_wconf 89' lang='lat' dir='ltr'><strong>nce</strong></span> <span class='ocrx_word' id='word_1_523' title='bbox 624 2411 681 2442; x_wconf 87' lang='lat' dir='ltr'><strong>pro</strong></span> <span class='ocrx_word' id='word_1_524' title='bbox 710 2400 843 2442; x_wconf 86' lang='lat' dir='ltr'><strong>speciali</strong></span> <span class='ocrx_word' id='word_1_525' title='bbox 869 2399 998 2440; x_wconf 80' lang='lat' dir='ltr'><strong>negotio</strong></span> <span class='ocrx_word' id='word_1_526' title='bbox 1023 2398 1262 2429; x_wconf 85' lang='lat' dir='ltr'><strong>Brixiensiumb</strong></span> <span class='ocrx_word' id='word_1_527' title='bbox 1292 2401 1458 2428; x_wconf 79' lang='lat' dir='ltr'><strong>teneamur</strong></span> <span class='ocrx_word' id='word_1_528' title='bbox 1488 2398 1595 2428; x_wconf 84' lang='lat' dir='ltr'><strong>facere</strong></span> <span class='ocrx_word' id='word_1_529' title='bbox 1625 2407 1775 2438; x_wconf 84' lang='lat' dir='ltr'><strong>guerram</strong></span> <span class='ocrx_word' id='word_1_530' title='bbox 1800 2395 2027 2436; x_wconf 84' lang='lat' dir='ltr'><strong>Papiensibus.</strong></span> 
     </span>
     <span class='ocr_line' id='line_1_45' title="bbox 389 2447 2031 2494; baseline -0.004 -9"><span class='ocrx_word' id='word_1_531' title='bbox 389 2454 421 2484; x_wconf 64' lang='lat' dir='ltr'><strong>si</strong></span> <span class='ocrx_word' id='word_1_532' title='bbox 453 2464 527 2484; x_wconf 85' lang='lat' dir='ltr'><strong>vero</strong></span> <span class='ocrx_word' id='word_1_533' title='bbox 558 2453 734 2494; x_wconf 85' lang='lat' dir='ltr'><strong>Papicnses</strong></span> <span class='ocrx_word' id='word_1_534' title='bbox 765 2451 907 2482; x_wconf 87' lang='lat' dir='ltr'><strong>adiuncti</strong></span> <span class='ocrx_word' id='word_1_535' title='bbox 938 2454 1011 2480; x_wconf 85' lang='lat' dir='ltr'><strong>sunt</strong></span> <span class='ocrx_word' id='word_1_536' title='bbox 1040 2450 1090 2481; x_wconf 85' lang='lat' dir='ltr'><strong>vel</strong></span> <span class='ocrx_word' id='word_1_537' title='bbox 1120 2450 1337 2480; x_wconf 87' lang='lat' dir='ltr'><strong>adiunxcrunt</strong></span> <span class='ocrx_word' id='word_1_538' title='bbox 1363 2460 1396 2480; x_wconf 91' lang='lat' dir='ltr'><strong>se</strong></span> <span class='ocrx_word' id='word_1_539' title='bbox 1421 2449 1517 2479; x_wconf 86' lang='lat' dir='ltr'><strong>alicui</strong></span> <span class='ocrx_word' id='word_1_540' title='bbox 1543 2448 1678 2485; x_wconf 81' lang='lat' dir='ltr'><strong>civitati,</strong></span> <span class='ocrx_word' id='word_1_541' title='bbox 1707 2448 1777 2478; x_wconf 85' lang='lat' dir='ltr'><strong>loeo</strong></span> <span class='ocrx_word' id='word_1_542' title='bbox 1802 2447 1853 2478; x_wconf 80' lang='lat' dir='ltr'><strong>vel</strong></span> <span class='ocrx_word' id='word_1_543' title='bbox 1885 2456 2031 2487; x_wconf 61' lang='lat' dir='ltr'><strong>persone,</strong></span> 
     </span>
     <span class='ocr_line' id='line_1_46' title="bbox 388 2499 2031 2543; baseline -0.005 -7"><span class='ocrx_word' id='word_1_544' title='bbox 388 2505 610 2536; x_wconf 87' lang='lat' dir='ltr'><strong>adiuvabimus</strong></span> <span class='ocrx_word' id='word_1_545' title='bbox 642 2503 854 2535; x_wconf 71' lang='lat' dir='ltr'><strong>Brixiensesb</strong></span> <span class='ocrx_word' id='word_1_546' title='bbox 884 2505 996 2532; x_wconf 83' lang='lat' dir='ltr'><strong>contra</strong></span> <span class='ocrx_word' id='word_1_547' title='bbox 1026 2501 1214 2543; x_wconf 84' lang='lat' dir='ltr'><strong>Papienses.</strong></span> <span class='ocrx_word' id='word_1_548' title='bbox 1265 2501 1332 2532; x_wconf 82' lang='lat' dir='ltr'><strong>Nec</strong></span> <span class='ocrx_word' id='word_1_549' title='bbox 1369 2501 1524 2532; x_wconf 79' lang='lat' dir='ltr'><strong>faciemus</strong></span> <span class='ocrx_word' id='word_1_550' title='bbox 1560 2500 1700 2541; x_wconf 85' lang='lat' dir='ltr'><strong>aliquam</strong></span> <span class='ocrx_word' id='word_1_551' title='bbox 1738 2499 1926 2530; x_wconf 84' lang='lat' dir='ltr'><strong>societatem</strong></span> <span class='ocrx_word' id='word_1_552' title='bbox 1959 2507 2031 2528; x_wconf 87' lang='lat' dir='ltr'><strong>cum</strong></span> 
     </span>
    </p>
   </div>
   <div class='ocr_carea' id='block_1_10' title="bbox 389 2601 2030 2681">
    <p class='ocr_par' dir='ltr' id='par_1_10' title="bbox 389 2601 2030 2681">
     <span class='ocr_line' id='line_1_47' title="bbox 490 2601 2030 2637; baseline -0.004 -3"><span class='ocrx_word' id='word_1_553' title='bbox 490 2608 556 2634; x_wconf 67' lang='grc'><strong>348.</strong></span> <span class='ocrx_word' id='word_1_554' title='bbox 580 2613 604 2633; x_wconf 66' lang='lat'><strong>³&gt;</strong></span> <span class='ocrx_word' id='word_1_555' title='bbox 623 2610 682 2633; x_wconf 74' lang='lat' dir='ltr'><strong>Heu</strong></span> <span class='ocrx_word' id='word_1_556' title='bbox 702 2618 721 2632; x_wconf 85' lang='lat' dir='ltr'><strong>c.</strong></span> <span class='ocrx_word' id='word_1_557' title='bbox 827 2606 851 2637; x_wconf 74' lang='lat'><strong>¹³)</strong></span> <span class='ocrx_word' id='word_1_558' title='bbox 871 2607 975 2631; x_wconf 70' lang='lat' dir='ltr'><strong>Brixien</strong></span> <span class='ocrx_word' id='word_1_559' title='bbox 994 2614 1014 2630; x_wconf 83' lang='lat' dir='ltr'><strong>c.</strong></span> <span class='ocrx_word' id='word_1_560' title='bbox 1122 2605 1144 2637; x_wconf 82' lang='lat' dir='ltr'><strong>C)</strong></span> <span class='ocrx_word' id='word_1_561' title='bbox 1165 2609 1235 2637; x_wconf 75' lang='lat' dir='ltr'><strong>parte</strong></span> <span class='ocrx_word' id='word_1_562' title='bbox 1255 2606 1306 2629; x_wconf 77' lang='lat' dir='ltr'><strong>alio</strong></span> <span class='ocrx_word' id='word_1_563' title='bbox 1331 2610 1471 2630; x_wconf 69' lang='lat' dir='ltr'><strong>aeramento</strong></span> <span class='ocrx_word' id='word_1_564' title='bbox 1491 2609 1550 2636; x_wconf 72' lang='lat' dir='ltr'><strong>post</strong></span> <span class='ocrx_word' id='word_1_565' title='bbox 1568 2613 1693 2636; x_wconf 53' lang='lat' dir='ltr'><strong>supersum</strong></span> <span class='ocrx_word' id='word_1_566' title='bbox 1713 2614 1732 2628; x_wconf 82' lang='lat' dir='ltr'><strong>c.</strong></span> <span class='ocrx_word' id='word_1_567' title='bbox 1839 2601 1863 2629; x_wconf 71' lang='lat'><strong>⁸¹)</strong></span> <span class='ocrx_word' id='word_1_568' title='bbox 1883 2602 1990 2626; x_wconf 67' lang='lat' dir='ltr'><strong>federico</strong></span> <span class='ocrx_word' id='word_1_569' title='bbox 2010 2611 2030 2626; x_wconf 74' lang='lat' dir='ltr'><strong>c-</strong></span> 
     </span>
     <span class='ocr_line' id='line_1_48' title="bbox 389 2646 1985 2681; baseline -0.006 -4"><span class='ocrx_word' id='word_1_570' title='bbox 389 2658 411 2677; x_wconf 63' lang='lat'><strong>¹²»</strong></span> <span class='ocrx_word' id='word_1_571' title='bbox 431 2656 520 2677; x_wconf 67' lang='lat' dir='ltr'><strong>roman</strong></span> <span class='ocrx_word' id='word_1_572' title='bbox 539 2662 559 2677; x_wconf 78' lang='grc' dir='ltr'><strong>(τ,</strong></span> <span class='ocrx_word' id='word_1_573' title='bbox 648 2651 670 2681; x_wconf 77' lang='lat' dir='ltr'><strong>s)</strong></span> <span class='ocrx_word' id='word_1_574' title='bbox 691 2651 728 2676; x_wconf 85' lang='lat' dir='ltr'><strong>kll</strong></span> <span class='ocrx_word' id='word_1_575' title='bbox 749 2652 805 2676; x_wconf 71' lang='lat' dir='ltr'><strong>mas·</strong></span> <span class='ocrx_word' id='word_1_576' title='bbox 820 2661 840 2675; x_wconf 84' lang='lat' dir='ltr'><strong>c.</strong></span> <span class='ocrx_word' id='word_1_577' title='bbox 929 2648 953 2681; x_wconf 68' lang='lat' dir='ltr'><strong>S)</strong></span> <span class='ocrx_word' id='word_1_578' title='bbox 973 2649 1083 2680; x_wconf 72' lang='lat' dir='ltr'><strong>spatium</strong></span> <span class='ocrx_word' id='word_1_579' title='bbox 1104 2657 1207 2673; x_wconf 67' lang='lat' dir='ltr'><strong>nimam-0</strong></span> <span class='ocrx_word' id='word_1_580' title='bbox 1227 2649 1360 2673; x_wconf 67' lang='lat' dir='ltr'><strong>inserendo</strong></span> <span class='ocrx_word' id='word_1_581' title='bbox 1381 2658 1486 2673; x_wconf 65' lang='lat' dir='ltr'><strong>vacnum</strong></span> <span class='ocrx_word' id='word_1_582' title='bbox 1504 2649 1619 2673; x_wconf 69' lang='lat' dir='ltr'><strong>relictum</strong></span> <span class='ocrx_word' id='word_1_583' title='bbox 1638 2657 1657 2672; x_wconf 78' lang='lat' dir='ltr'><strong>c.</strong></span> <span class='ocrx_word' id='word_1_584' title='bbox 1748 2646 1772 2676; x_wconf 78' lang='lat'><strong>¹¹)</strong></span> <span class='ocrx_word' id='word_1_585' title='bbox 1794 2646 1845 2670; x_wconf 71' lang='lat' dir='ltr'><strong>libs·</strong></span> <span class='ocrx_word' id='word_1_586' title='bbox 1860 2646 1946 2677; x_wconf 65' lang='lat' dir='ltr'><strong>imper,</strong></span> <span class='ocrx_word' id='word_1_587' title='bbox 1966 2654 1985 2669; x_wconf 82' lang='lat' dir='ltr'><strong>c.</strong></span> 
     </span>
    </p>
   </div>
   <div class='ocr_carea' id='block_1_11' title="bbox 389 2728 2034 2855">
    <p class='ocr_par' dir='ltr' id='par_1_11' title="bbox 389 2728 2034 2855">
     <span class='ocr_line' id='line_1_49' title="bbox 494 2728 2034 2769; baseline -0.006 -7"><span class='ocrx_word' id='word_1_588' title='bbox 494 2739 516 2767; x_wconf 62' lang='lat'><strong>1)</strong></span> <span class='ocrx_word' id='word_1_589' title='bbox 533 2738 572 2769; x_wconf 59' lang='lat' dir='ltr'><strong>(Vs.</strong></span> <span class='ocrx_word' id='word_1_590' title='bbox 595 2737 726 2763; x_wconf 59' lang='lat' dir='ltr'><strong>Valentini</strong></span> <span class='ocrx_word' id='word_1_591' title='bbox 746 2737 783 2761; x_wconf 73' lang='lat' dir='ltr'><strong>‘Il</strong></span> <span class='ocrx_word' id='word_1_592' title='bbox 801 2735 879 2761; x_wconf 69' lang='lat' dir='ltr'><strong>Lfber</strong></span> <span class='ocrx_word' id='word_1_593' title='bbox 894 2734 1004 2760; x_wconf 46' lang='lat' dir='ltr'><strong>Poteris*</strong></span> <span class='ocrx_word' id='word_1_594' title='bbox 1023 2743 1046 2766; x_wconf 78' lang='grc' dir='ltr'>μ</span> <span class='ocrx_word' id='word_1_595' title='bbox 1062 2737 1093 2759; x_wconf 77' lang='grc'><strong>32</strong></span> <span class='ocrx_word' id='word_1_596' title='bbox 1113 2742 1152 2759; x_wconf 74' lang='lat' dir='ltr'><strong>nr.</strong></span> <span class='ocrx_word' id='word_1_597' title='bbox 1167 2733 1311 2759; x_wconf 69' lang='lat' dir='ltr'><strong><em>XXXVI.</em></strong></span> <span class='ocrx_word' id='word_1_598' title='bbox 1350 2734 1462 2759; x_wconf 64' lang='lat' dir='ltr'><strong>Librum</strong></span> <span class='ocrx_word' id='word_1_599' title='bbox 1475 2732 1576 2758; x_wconf 74' lang='lat' dir='ltr'><strong>Poteris</strong></span> <span class='ocrx_word' id='word_1_600' title='bbox 1589 2732 1609 2757; x_wconf 85' lang='lat' dir='ltr'><strong><em>I</em></strong></span> <span class='ocrx_word' id='word_1_601' title='bbox 1623 2730 1791 2765; x_wconf 68' lang='lat' dir='ltr'><strong>(Rcyistrttm</strong></span> <span class='ocrx_word' id='word_1_602' title='bbox 1805 2730 1903 2762; x_wconf 63' lang='lat' dir='ltr'><strong>raucius)</strong></span> <span class='ocrx_word' id='word_1_603' title='bbox 1921 2728 2034 2755; x_wconf 60' lang='lat' dir='ltr'><strong>ciusdem</strong></span> 
     </span>
     <span class='ocr_line' id='line_1_50' title="bbox 389 2772 2034 2813; baseline -0.005 -8"><span class='ocrx_word' id='word_1_604' title='bbox 389 2781 553 2806; x_wconf 64' lang='lat' dir='ltr'><strong>bibliothecae</strong></span> <span class='ocrx_word' id='word_1_605' title='bbox 576 2783 611 2805; x_wconf 70' lang='lat' dir='ltr'><strong>est</strong></span> <span class='ocrx_word' id='word_1_606' title='bbox 635 2779 806 2813; x_wconf 68' lang='lat' dir='ltr'><strong>apoymphon</strong></span> <span class='ocrx_word' id='word_1_607' title='bbox 826 2778 942 2811; x_wconf 63' lang='lat' dir='ltr'><strong>Reyistri&#39;</strong></span> <span class='ocrx_word' id='word_1_608' title='bbox 960 2777 1078 2809; x_wconf 72' lang='lat' dir='ltr'><strong>minoris,</strong></span> <span class='ocrx_word' id='word_1_609' title='bbox 1105 2777 1132 2801; x_wconf 78' lang='lat' dir='ltr'><strong>in</strong></span> <span class='ocrx_word' id='word_1_610' title='bbox 1154 2785 1205 2809; x_wconf 75' lang='lat'><strong><em>‘11‘0</em></strong></span> <span class='ocrx_word' id='word_1_611' title='bbox 1230 2780 1306 2802; x_wconf 26' lang='lat' dir='ltr'><strong>cuo-t«.</strong></span> <span class='ocrx_word' id='word_1_612' title='bbox 1327 2780 1417 2803; x_wconf 74' lang='lat' dir='ltr'><strong>›zostra</strong></span> <span class='ocrx_word' id='word_1_613' title='bbox 1435 2776 1529 2809; x_wconf 74' lang='lat' dir='ltr'><strong>leyitm·</strong></span> <span class='ocrx_word' id='word_1_614' title='bbox 1546 2775 1592 2807; x_wconf 77' lang='lat' dir='ltr'><strong>fol.</strong></span> <span class='ocrx_word' id='word_1_615' title='bbox 1609 2773 1754 2800; x_wconf 85' lang='lat' dir='ltr'><strong><em>XXXIV.</em></strong></span> <span class='ocrx_word' id='word_1_616' title='bbox 1859 2774 1885 2801; x_wconf 65' lang='lat'><strong>2)</strong></span> <span class='ocrx_word' id='word_1_617' title='bbox 1907 2772 2034 2798; x_wconf 55' lang='lat' dir='ltr'><strong>Constan-</strong></span> 
     </span>
     <span class='ocr_line' id='line_1_51' title="bbox 390 2823 955 2855; baseline 0 -8"><span class='ocrx_word' id='word_1_618' title='bbox 390 2824 486 2848; x_wconf 54' lang='lat' dir='ltr'><strong>ticum.</strong></span> <span class='ocrx_word' id='word_1_619' title='bbox 575 2825 599 2855; x_wconf 55' lang='lat' dir='ltr'><strong>ilfi</strong></span> <span class='ocrx_word' id='word_1_620' title='bbox 622 2823 828 2848; x_wconf 69' lang='lat' dir='ltr'><strong>Constfflzticnsis</strong></span> <span class='ocrx_word' id='word_1_621' title='bbox 846 2831 902 2855; x_wconf 68' lang='lat' dir='ltr'><strong>cap.</strong></span> <span class='ocrx_word' id='word_1_622' title='bbox 918 2826 955 2847; x_wconf 82' lang='lat'><strong>10.</strong></span> 
     </span>
    </p>
   </div>
   <div class='ocr_carea' id='block_1_12' title="bbox 2055 1780 2080 1797">
    <p class='ocr_par' dir='ltr' id='par_1_12' title="bbox 2055 1780 2080 1797">
     <span class='ocr_line' id='line_1_52' title="bbox 2055 1780 2080 1797; baseline 0 0"><span class='ocrx_word' id='word_1_623' title='bbox 2055 1780 2080 1797; x_wconf 72' lang='lat'><strong>:30</strong></span> 
     </span>
    </p>
   </div>
   <div class='ocr_carea' id='block_1_13' title="bbox 2056 2299 2081 2316">
    <p class='ocr_par' dir='ltr' id='par_1_13' title="bbox 2056 2299 2081 2316">
     <span class='ocr_line' id='line_1_53' title="bbox 2056 2299 2081 2316; baseline 0 0"><span class='ocrx_word' id='word_1_624' title='bbox 2056 2299 2081 2316; x_wconf 69' lang='lat'><strong>40</strong></span> 
     </span>
    </p>
   </div>
  </div>
 </body>
</html>
