2205 3072
344 159 419 189 462‘
716 157 896 184 FRIDERICI
916 158 935 184 I.
954 158 1273 185 CONSTITUTIONES.
1310 158 1383 183 1189.
1415 157 1532 184 N1x323.
1552 159 1608 184 324.

346 247 524 285 promptam
548 244 654 275 animo
679 247 785 275 vestro
810 245 988 276 consistere
1011 245 1218 283 voluntatem,
1243 245 1419 286 predilecto
1444 245 1508 275 filio
1533 248 1640 276 nostro
1662 245 1704 276 H.
1728 245 1844 276 illustri
1860 245 1966 277 Roma

343 305 455 326 norum
485 296 553 336 regi
582 298 719 336 augusto
753 305 872 337 sueque
901 296 1100 327 nobilissime
1126 297 1276 333 consorti,
1306 297 1475 328 karissime
1499 297 1650 328 videlicet
1673 297 1737 328 filie
1762 300 1871 328 nostre
1897 297 1981 328 Con-

344 347 460 378 stantie
486 346 703 378 Romanorum
735 348 846 388 regine
875 351 1023 389 auguste,
1055 349 1142 379 nullo
1167 349 1330 379 mediante
1355 348 1452 379 dubio
1477 348 1529 380 vel
1552 348 1798 390 impedimentO,
1830 359 1980 380 coronam

344 398 538 440 imponendi.
585 398 796 429 Postmodum
821 399 1024 430 venerabiles
1055 400 1158 430 nuntii
1189 400 1370 431 sanctitatis
1395 403 1502 431 vestre
1526 400 1562 431 P.
1589 403 1621 431 et
1644 400 1669 432 I.
1700 404 1810 432 sancte
1835 401 1981 432 Romane

346 450 485 481 ecclesie
511 450 711 481 cardinalesl
736 461 773 481 ac
797 450 901 482 fidelis
926 455 1037 482 noster
1052 451 1120 483 Leo
1144 451 1183 483 de
1201 451 1434 482 Monumento²
1455 452 1487 482 in
1503 452 1669 493 presentia
1685 455 1796 483 nostra
1813 453 1982 483 constituti

343 501 459 532 litteris
483 502 671 543 apostolicis
696 505 728 533 et
745 502 817 533 viva
835 513 912 533 voce
937 503 1100 534 maiestati
1124 507 1235 534 nostre
1260 503 1344 534 idem
1364 504 1563 534 constantius
1582 507 1614 534 et
1630 504 1752 534 firmius
1768 504 1983 542 inculcarunt,

343 553 495 584 videlicet
524 553 609 594 quod
639 554 723 584 omni
754 554 920 585 occasione
952 558 1077 585 remota
1104 559 1211 585 vestra
1235 566 1269 586 se
1300 558 1450 597 preparet
1479 552 1657 597 paternitas
1687 555 1866 597 predictam
1891 566 1983 586 coro-

342 605 504 636 nationem
535 604 721 646 adimplere.
776 605 871 636 Unde
904 609 936 636 et
966 616 1024 636 nos
1056 606 1298 637 firmaveramus
1328 607 1359 637 in
1391 607 1497 638 animo
1529 610 1639 638 nostro
1670 607 1715 638 ita
1739 607 1920 649 disponere,
1949 611 1985 638 ut

343 656 428 687 filius
452 659 560 687 noster
585 660 617 687 et
640 657 704 687 filia
728 660 839 688 nostra
863 658 948 688 omni
972 657 1123 689 tarditate
1148 659 1281 689 exclusa
1298 659 1359 689 iter
1381 659 1489 690 statim
1507 659 1685 700 arriperent
1701 669 1758 700 pro
1776 659 1983 700 suscipienda

342 709 559 746 coronatione,
584 709 667 739 sicut
690 710 826 750 predicti
850 709 954 740 nuntii
977 709 1068 740 nobis
1086 709 1237 741 dixerunt
1256 714 1383 751 gratum
1401 714 1506 741 vestre
1524 711 1591 742 fore
1609 711 1783 748 sanctitati,
1807 714 1843 741 ut
1858 711 1979 742 factum
2011 719 2034 737 10

347 759 405 790 hoc
430 763 548 801 quanto
573 761 667 791 citius
691 761 759 792 fieri
776 764 888 802 posset
905 765 1210 793 consummaretura.
1258 762 1321 793 Sed
1340 762 1578 804 impedimentis
1594 762 1897 801 intervenientibus,
1922 773 1984 804 que

342 815 511 853 presentes
541 812 642 843 nuntii
667 812 756 843 vobis
786 813 906 844 referre
937 816 1103 854 poterunt,
1139 824 1193 845 eos
1225 814 1409 845 necessario
1440 814 1577 845 detineri
1609 815 1764 856 oportuit,
1799 825 1859 845 nec
1896 815 1984 856 prius

341 863 535 904 potueruntb
566 864 750 894 transmitti.
802 864 896 895 Nunc
929 865 1038 906 itaque
1069 865 1295 907 prosequendo
1323 866 1502 897 insidentes
1532 867 1694 908 proposito
1725 877 1761 898 ac
1790 866 1918 908 plenam
1943 866 1984 897 de

342 918 451 946 vestra
474 916 656 947 sanctitatis
681 917 863 947 constantia
886 916 1035 947 fiduciam
1058 917 1225 956 habentes,
1249 917 1366 948 latores
1383 918 1582 959 presentium
1600 918 1786 959 magistrum
1806 918 1985 949 Henricum

342 967 596 1007 protonotarium
620 971 765 998 nostrum
790 971 821 999 et
844 968 969 999 nobiles
994 969 1078 999 viros
1104 968 1248 1000 Leonem
1273 969 1312 1000 dc
1338 969 1548 1001 Monumento
1573 973 1605 1000 et
1622 969 1796 1001 Gerlacum
1818 970 1858 1000 de
1874 969 1981 1000 Ysim-
2012 981 2034 999 ιε.

342 1018 420 1049 burc
444 1022 551 1050 vestre
577 1020 823 1050 transmittimus
848 1020 1045 1062 paternitati,
1070 1025 1239 1052 monentes
1262 1022 1415 1052 attentius
1439 1025 1560 1052 etcum
1576 1022 1667 1052 filiali
1684 1022 1802 1053 affectu
1820 1024 1984 1063 rogantes,

343 1070 493 1111 quatinus
518 1071 549 1100 in
574 1070 659 1101 facto
683 1075 861 1102 memorate
887 1073 1105 1103 coronationis
1130 1073 1174 1103 ita
1199 1074 1249 1114 pie
1273 1084 1310 1103 ac
1334 1074 1460 1104 sincere
1484 1073 1679 1115 procedatiS,
1704 1073 1882 1104 secundum
1900 1073 1985 1115 quod

344 1122 393 1152 ius
427 1124 458 1153 et
488 1122 686 1153 consuetudo
717 1122 757 1153 ab
787 1123 919 1164 antiquo
950 1123 990 1154 ad
1023 1123 1082 1155 hec
1106 1135 1208 1166 usque
1233 1128 1378 1167 tempora
1409 1125 1582 1167 pertulisse
1607 1125 1830 1167 perhibentur:
1862 1129 1985 1156 certum

346 1173 503 1204 habentes
528 1178 559 1205 et
583 1174 810 1212 indubitatum,
840 1175 924 1216 quod
954 1176 1024 1217 ipse
1053 1176 1137 1206 filius
1171 1180 1279 1207 noster
1309 1177 1498 1219 paternitati
1522 1180 1628 1208 vestre
1658 1177 1829 1219 plurimum
1854 1177 1984 1219 placere

345 1224 497 1263 studebit,
522 1228 664 1256 vestram
689 1230 842 1268 tanquam
866 1226 974 1258 dilecti
998 1238 1035 1258 ac
1053 1228 1208 1269 spiritalis
1225 1229 1325 1270 patris
1343 1239 1517 1270 personam
1535 1240 1571 1260 ac
1591 1229 1707 1260 deinde
1725 1229 1841 1261 fratres
1860 1232 1983 1260 vestros
2012 1240 2023 1257 ε

347 1276 472 1308 sincere
497 1277 671 1318 diligendo,
697 1281 729 1308 et
753 1282 898 1309 sanctam
922 1278 1103 1310 Romanam
1129 1280 1298 1311 ecclesiam
1324 1284 1546 1317 manutenere,
1578 1280 1749 1315 defensare
1775 1284 1807 1312 et
1830 1280 1986 1322 ampliare

345 1329 569 1369 paratissimus
599 1340 726 1371 semper
756 1330 886 1369 existet,
917 1331 1059 1362 facturus
1089 1332 1186 1362 etiam
1211 1343 1249 1363 ea
1273 1343 1335 1374 que
1366 1333 1468 1363 nostri
1492 1336 1719 1364 antecessores
1743 1333 1775 1363 in
1802 1332 1987 1374 recipienda

346 1381 550 1412 coronatione
575 1381 682 1413 facere
707 1386 954 1414 consueverunt.
998 1383 1047 1414 Ae
1072 1385 1156 1415 circa
1181 1385 1240 1415 hoc
1266 1396 1327 1426 que
1352 1385 1414 1427 ipsi
1439 1386 1557 1416 latores
1582 1386 1783 1427 presentium
1807 1385 1880 1416 viva
1897 1385 1987 1415 vobis

346 1443 424 1464 voce
449 1443 490 1463 ex
513 1436 604 1474 parte
629 1437 741 1465 nostra
765 1434 916 1469 dixerint,
942 1435 1079 1467 credatis
1103 1436 1331 1468 indubitanter.

448 1484 567 1516 Datum
592 1485 678 1527 apud
701 1486 892 1527 Haginawa,
918 1487 997 1519 IIII.
1021 1487 1099 1518 Idus
1124 1489 1254 1530 Aprilis.
2015 1500 2038 1519 25

469 1630 546 1663 324.
578 1631 802 1664 IIEJNRIGI
826 1633 877 1664 I'I.
908 1633 1135 1665 EPISTULA
1160 1633 1224 1665 AD
1257 1634 1555 1665 CLEMENTEM
1572 1635 1665 1666 VIII.
1711 1635 1791 1674 Apr.
1809 1637 1858 1665 1⁸.

449 1692 482 1723 E
502 1693 599 1724 codice
626 1693 773 1723 Parisino
796 1694 881 1722 8090
911 1704 988 1725 saec.
1009 1694 1146 1726 XVIII.
1176 1695 1373 1735 apoyraphan
1407 1695 1586 1726 Romam-mn
1615 1696 1866 1727 Cluniacansium
1891 1697 1987 1727 conti-

346 1747 438 1775 nente
462 1745 511 1783 (in
534 1744 649 1775 Rolnlo
665 1745 743 1781 IX.)
772 1746 868 1775 edidit
892 1745 1235 1777 llnillard-Rrfilmlles
1259 1747 1278 1778 Ι.
1296 1758 1317 1777 r.
1335 1748 1397 1776 :2:23
1422 1757 1470 1778 nr.
1499 1747 1528 1777 V
1547 1748 1601 1786 (z
1622 1747 1733 1778 Tordan
1757 1748 1777 1779 l.
1794 1758 1817 1778 c.
1836 1749 1921 1786 5:30).
1946 1767 1986 1770 —

347 1797 484 1837 Stnmps,
508 1796 583 1835 Rea.
600 1798 693 1827 {ri-12.
1708 1799 1761 1840 (P.
1778 1800 1884 1837 deest)

450 1893 643 1924 Reverendo
668 1894 696 1923 in
723 1893 851 1924 Christo
877 1894 961 1936 patri
987 1894 1147 1925 Clementi
1172 1897 1282 1925 sancte
1300 1894 1444 1925 Romane
1473 1895 1610 1925 ecclesie
1636 1905 1758 1925 summo
1782 1895 1923 1936 pontifici
1942 1895 1982 1926 II.
2012 1906 2028 1923 ετ·

348 1944 410 1975 Dei
434 1945 540 1985 gratia
563 1944 781 1975 Romanorum
806 1956 863 1975 rex
888 1949 919 1975 ot
944 1956 1073 1987 semper
1097 1950 1254 1987 augustus
1279 1947 1415 1976 salutem
1441 1950 1473 1976 et
1496 1947 1627 1977 filialem
1654 1946 1871 1978 dilectionem.

450 1996 500 2027 Ex
530 1997 645 2027 litteris
677 2007 733 2038 per
762 1997 874 2027 fideles
907 2002 1034 2028 nostros
1066 1999 1195 2028 nuntios
1220 1997 1262 2029 II.
1288 1998 1464 2039 imperialis
1488 1999 1561 2029 aule
1593 1999 1869 2039 prothonotarium
1895 2002 1926 2030 et
1950 1999 1986 2029 F.

348 2049 558 2090 prepositum,
582 2059 601 2078 a
624 2048 794 2079 sanctitate
819 2052 927 2079 vestra
950 2049 1043 2079 nobis
1068 2050 1275 2087 transmissis,
1298 2052 1329 2079 et
1353 2060 1394 2080 ex
1412 2050 1517 2081 verbis
1543 2061 1604 2091 quc
1630 2050 1670 2081 ab
1696 2061 1750 2081 ore
1769 2054 1876 2081 vestro
1894 2051 1985 2081 audi-

349 2103 462 2130 verunt
479 2100 709 2137 intelleximus,
727 2104 873 2141 paratam
891 2111 927 2131 ac
945 2104 1125 2142 promptam
1142 2102 1173 2131 in
1188 2101 1277 2131 vobis
1297 2102 1472 2132 consistere
1488 2102 1686 2133 voluntatem
1704 2102 1795 2133 nobis
1812 2105 1984 2144 nostreque

348 2151 547 2182 nobilissime
573 2152 710 2182 consorti
737 2151 925 2182 Constantio
949 2152 1168 2183 Romanorum
1199 2153 1309 2193 regine
1335 2156 1482 2194 auguste,
1512 2153 1600 2184 nullo
1625 2153 1786 2184 mediante
1811 2154 1907 2184 dubio
1933 2155 1983 2185 vcl
2012 2164 2035 2182 πῖ»

350 2203 591 2244 impedimento,
617 2214 766 2234 ceronam
792 2204 986 2245 imponendi.
1033 2204 1242 2235 Postmodum
1268 2205 1471 2235 venerabiles
1497 2205 1599 2235 nuntii
1626 2206 1805 2236 sanctitatis
1824 2209 1931 2236 vestre
1948 2205 1984 2236 P.

350 2259 382 2285 et
406 2255 432 2286 I.
456 2255 636 2286 cardinales
670 2258 780 2285 sancte
810 2254 955 2286 Romane
990 2255 1129 2286 ecclesie
1159 2266 1196 2286 ac
1227 2255 1330 2287 fidelis
1363 2261 1473 2287 noster
1496 2257 1544 2287 vir
1572 2257 1689 2287 nobilis
1714 2257 1781 2288 Leo
1806 2257 1846 2288 de
1871 2257 1986 2288 Monu-

348 2311 456 2337 mento
488 2307 519 2337 in
551 2307 716 2348 presentia
748 2310 857 2337 nostra
881 2307 1044 2337 constituti
1074 2307 1190 2338 litteris
1220 2309 1409 2349 apostolicis
1435 2312 1467 2339 ct
1492 2309 1563 2339 viva
1589 2319 1665 2339 voce
1689 2309 1850 2339 maiestati
1876 2312 1984 2339 nostre

348 2358 433 2389 idem
458 2359 661 2389 constancius
686 2369 721 2389 ac
746 2359 866 2389 firmius
892 2360 1102 2397 inculcarunt,
1132 2359 1285 2390 videlicet
1310 2361 1392 2401 quod
1420 2362 1505 2391 omni
1530 2361 1700 2392 occasione
1730 2365 1854 2392 remota
1878 2365 1986 2392 vestra

350 2421 384 2440 se
409 2414 561 2451 preparet
585 2410 766 2451 benignitas
791 2410 968 2451 predictam
993 2411 1231 2441 coronationem
1257 2411 1444 2453 adimplere.
1492 2412 1585 2443 Unde
1610 2416 1642 2443 et
1660 2424 1716 2443 nos
1740 2413 1982 2444 firmaveramus
2011 2421 2037 2438 ⁴0

350 2462 379 2491 in
405 2462 512 2492 animo
536 2465 644 2492 nostro
670 2463 736 2492 sine
754 2472 841 2492 mora
858 2462 1037 2504 disponere,
1062 2466 1097 2493 ut
1114 2474 1172 2493 nos
1191 2466 1223 2493 et
1240 2468 1476 2504 prememorata
1494 2475 1625 2495 consors
1643 2469 1753 2496 nostra
1771 2465 1831 2496 iter
1848 2468 1984 2506 quanto-

349 2514 416 2543 cius
440 2514 654 2554 arripercmus
683 2524 739 2554 pro
769 2515 975 2545 coronatione
1005 2514 1220 2556 suscipienda,
1254 2516 1335 2546 sicut
1364 2516 1498 2556 predicti
1528 2517 1628 2546 nuntii
1656 2517 1751 2547 vestri
1777 2517 1868 2547 nobis
1893 2516 1985 2547 dixe-

349 2569 421 2595 runt
445 2569 571 2605 gratum
598 2568 704 2595 vestre
735 2565 801 2595 fore
827 2566 999 2601 sanctitati,
1030 2566 1148 2596 factum
1182 2567 1240 2596 hoc
1272 2572 1389 2607 quanto
1415 2568 1507 2598 eitius
1533 2569 1598 2598 fieri
1624 2573 1735 2609 posset
1760 2570 1983 2599 consummari.

450 2666 515 2692 3⁸23.
540 2672 562 2697 ss)
583 2673 775 2693 consummetur
794 2669 847 2693 r-ml.
935 2668 959 2701 b)
980 2673 1098 2701 poterunt
1117 2670 1170 2694 cod,

454 2752 476 2777 ll
505 2752 599 2777 Petrus
627 2754 695 2777 tituli
723 2754 746 2777 Ν.
775 2753 846 2778 Petri
873 2753 909 2777 ml
930 2753 1045 2779 ‘Vim-idn
1073 2757 1094 2778 cl
1126 2754 1258 2779 lai-danus
1287 2756 1358 2779 lllttls'
1390 2757 1416 2781 Ν,
1447 2755 1633 2780 ΡιιιΙνιιΗιιηησ
1662 2756 1804 2788 Jurae‘slagtsleiff
1828 2757 1983 2783 cardinales
2012 2765 2035 2783 45

349 2795 376 2826 2)
396 2794 495 2819 Consul
516 2795 661 2821 Romanus.

2196 2449 2205 2462 ,ι
2200 2435 2205 2439 ,
2197 2418 2205 2423 τ
2199 2389 2205 2410 ρ
2194 1999 2205 2381 .4—afflm—⁴
