2205 3072
567 170 744 196 FRIDERICI
766 170 784 196 1.
805 169 1124 196 ‹7:‹1›NS'1‘1TUTlimbus.
1164 172 1236 196 lilio.
1273 172 1319 197 Nr.
1337 172 1390 197 188.
1741 174 1796 202 261

159 262 190 289 et
220 259 415 288 inmantatus
446 260 496 287 est
525 260 556 287 et
585 257 615 286 in
641 256 800 287 kathedra
825 257 910 287 beati
936 257 1021 287 Petri
1047 257 1225 287 collocatus
1251 262 1300 287 cst
1327 261 1358 288 et
1383 269 1466 299 papa
1491 258 1604 288 Victor
1628 262 1676 289 est
1700 259 1800 288 nomi-

159 314 264 340 natus.
310 303 425 339 Placet
445 306 567 338 vobisl‘!
612 308 794 349 Respondit
819 319 935 348 magna
961 318 1036 338 voce
1062 308 1164 338 clerus
1183 312 1215 338 ct
1233 309 1387 350 populus:
1413 309 1558 341 ‘Placet'.
1606 309 1754 340 Secunda
1772 314 1803 340 et

160 361 253 391 tertia
285 361 354 391 viee
385 361 601 400 interrogatus
626 361 774 401 populus*
807 360 833 390 si
858 360 1011 400 placeret„
1044 360 1130 390 clara
1157 370 1233 390 voce
1261 361 1443 402 respondit:
1482 360 1627 392 *Placet'.
1674 361 1799 391 Deinde

160 423 230 443 cum
252 411 368 452 bandis
398 415 429 441 et
459 411 529 441 aliis
562 411 730 452 papalibus
759 411 937 452 insignibus
963 411 1097 441 domnus
1123 422 1206 452 papa.
1239 422 1309 442 cum
1335 412 1484 442 laudibus
1510 412 1542 442 in
1566 413 1720 453 palatium
1745 412 1800 443 de-

160 464 272 495 ductus
297 467 354 493 est.

109 737 131 754 10

109 997 131 1015 15

109 1512 132 1529 ‘25

108 1769 132 1787 30

107 2025 130 2043 35

107 2287 131 2304 40

107 2798 130 2815 511

260 516 288 545 2.
312 514 373 545 His
397 514 504 554 itaque
530 514 588 544 rite
614 515 764 555 peractis,
790 514 964 555 capitulum
990 514 1075 544 beati
1101 514 1190 545 Petri
1217 515 1325 544 statim
1351 516 1440 546 venit
1464 516 1503 546 ad
1529 516 1629 557 pedes
1654 516 1800 547 eiusdem

157 577 259 608 papae
285 566 423 596 Victoris
454 570 486 597 et
520 565 661 596 obedivit
693 576 728 595 ac
759 565 900 596 debitam
929 566 980 596 eim
1012 566 1226 596 reverentiam
1259 566 1422 598 exhibuit:
1455 567 1561 598 clerus
1592 572 1623 598 et
1653 569 1799 610 populus,

158 617 325 649 multitudo
350 627 467 657 magna
492 617 638 647 similiter
661 617 813 648 obedivit.
862 617 1016 658 Sequenti
1044 629 1118 647 vero
1144 617 1194 648 (lie
1220 619 1367 659 proxima
1393 623 1537 649 rectores
1564 620 1641 650 cleri
1664 620 1800 650 Romani

157 670 349 701 accedentes
386 669 425 699 ad
457 668 608 699 domnum
638 670 867 700 cancellarium
899 674 929 699 et
959 669 999 699 ad
1031 669 1209 700 cardinales
1240 670 1291 710 qui
1327 681 1398 700 cum
1430 681 1467 701 ee
1493 674 1593 706 erant,
1630 672 1801 702 volucrunt

159 732 370 762 cognoscere,
399 721 422 751 si
454 721 649 751 inmantatus
685 724 778 755 essct,
814 721 897 751 sicut
928 721 1056 761 quidam
1087 721 1250 756 dicebant,
1284 725 1315 751 et
1348 732 1409 751 non
1434 723 1626 753 invenerunt
1651 734 1722 753 eum
1752 723 1799 753 in-

157 776 333 804 mantatum
368 783 472 813 neque
504 773 611 813 aliqua
642 773 807 813 dignitatis
837 773 945 813 specie
976 774 1148 807 variatum,
1179 778 1211 803 ct
1236 773 1343 804 habito
1369 784 1439 803 cum
1466 784 1502 804 eo
1527 778 1558 804 et
1583 774 1801 804 cardinalibus

158 825 222 855 suis
248 824 417 865 colloquio,
449 828 668 864 cognoverunt
699 824 738 854 ab
768 835 822 854 ore
848 824 915 854 eius
942 828 973 854 ct
998 835 1137 859 suorum,
1171 825 1254 865 quod
1280 836 1451 866 numquam
1478 826 1574 856 suerit
1603 826 1800 855 inmantatus

158 881 190 907 et
213 876 295 917 quod
321 876 349 906 ei
374 876 454 906 hoch
479 876 558 906 falso
584 876 820 916 imponebatur.
868 877 937 910 Quo
963 876 1071 906 audito
1096 881 1128 906 ct
1153 877 1297 917 cognito,
1332 881 1475 907 rectores
1500 876 1539 907 ad
1566 877 1666 918 pedes
1691 877 1800 907 domni

158 938 260 969 papae
287 927 426 957 Victoris
452 932 607 958 venerunt
631 932 663 957 et
687 927 902 958 obedientiam
930 932 962 958 et
986 929 1197 959 reverentiam
1223 928 1448 958 exhibuerunt.

262 982 288 1010 3.
314 979 363 1010 De
393 980 540 1010 omnibus
571 979 764 1020 supradictis
794 979 943 1020 capitulis
975 986 1077 1010 testes
1113 980 1243 1010 fuerunt
1274 980 1389 1010 Petrus
1423 980 1625 1010 Christianus
1657 980 1799 1011 decanus

157 1032 307 1062 basilicae
342 1031 426 1062 beati
456 1031 543 1062 Petri
580 1036 611 1061 et
646 1041 756 1061 (11111105
789 1032 903 1061 fratres
938 1031 1006 1061 cius
1042 1035 1074 1061 et
1103 1031 1164 1061 duo
1196 1036 1337 1061 rectores
1371 1031 1446 1062 cleri
1477 1031 1622 1067 Romani,
1656 1031 1800 1062 Blasinsi

158 1083 281 1114 scilicet
311 1083 471 1124 presbiter
501 1086 533 1113 et
558 1082 721 1113 Mancrius
746 1083 915 1123 presbiter.
942 1088 974 1112 ct
999 1082 1057 1112 Vll
1086 1083 1347 1124 archipresbiteri
1367 1082 1534 1114 Romanae
1560 1083 1647 1113 urbis
1674 1086 1705 1113 et
1730 1082 1797 1112 1111

157 1135 211 1165 alii
235 1138 298 1165 tam
324 1134 476 1165 diacones
502 1145 594 1175 quain
621 1134 843 1165 subdiacones.

260 1188 287 1218 4.
312 1185 439 1217 Deinde
464 1187 552 1227 prior
569 1186 797 1217 Lateranensis
824 1190 855 1216 ct
880 1186 928 1216 sui
954 1186 1099 1216 canonici
1118 1185 1318 1216 obedierunt.
1410 1186 1528 1216 Clerici
1547 1186 1585 1216 (le
1604 1186 1798 1228 patriarchia

160 1238 296 1269 Sanctae
326 1238 447 1268 Mariae
480 1238 609 1268 maioris
645 1238 845 1269 obedierunt.
935 1238 1046 1268 Abbas
1076 1238 1114 1268 de
1147 1238 1341 1278 patriarchia
1372 1239 1479 1268 Sancti
1509 1238 1601 1269 Pauli
1636 1249 1693 1280 per
1724 1249 1798 1268 suos

161 1290 291 1320 nuncios
316 1289 457 1320 obedivit
482 1294 513 1320 et
538 1291 567 1320 in
594 1291 719 1330 signum
745 1289 946 1320 obedientiae
971 1289 1010 1319 de
1033 1290 1123 1319 bonis
1146 1290 1325 1320 aecclesiae
1344 1300 1421 1320 snae
1440 1290 1484 1320 illi
1503 1291 1598 1320 misit.
1683 1290 1797 1320 Abbas

161 1341 199 1372 de
224 1342 417 1382 patriarchia
442 1342 550 1372 Sancti
576 1342 740 1372 Laurentii
766 1353 836 1372 cuin
863 1342 928 1371 suis
955 1341 1120 1372 monachis
1146 1341 1284 1371 obcditk.
1376 1341 1486 1372 Abbas
1507 1342 1652 1383 Cirengii
1678 1342 1797 1372 obedit.

159 1393 268 1423 Abbas
299 1394 407 1424 Sancti
439 1393 584 1423 Silvestri
617 1404 687 1423 cum
720 1394 784 1423 suis
816 1393 980 1423 monachis
1013 1393 1131 1423 obedit.
1223 1393 1335 1423 Abbas
1362 1394 1471 1423 Sancti
1496 1394 1604 1424 Alcxii
1636 1395 1665 1424 in
1691 1398 1799 1424 inontc

159 1445 317 1475 Aventino
343 1455 413 1475 cum
439 1445 503 1475 suis
530 1445 694 1475 monachis
714 1444 831 1476 obedit.
923 1445 1032 1475 Abbas
1052 1445 1161 1475 Sancti
1180 1444 1280 1475 Blasii
1300 1455 1371 1475 cum
1390 1445 1454 1475 suis
1472 1446 1652 1476 monachis¹
1678 1446 1798 1476 obedit.

163 1495 345 1527 Conventus
371 1497 509 1527 Sanctae
533 1497 700 1527 Sabinae'¹¹
725 1496 841 1527 obedit.
931 1497 1115 1527 Conventus
1135 1496 1274 1527 Sanctae
1294 1496 1415 1527 Mariae
1441 1497 1471 1527 in
1491 1497 1651 1538 Capitolio
1678 1497 1798 1527 obedit.

159 1546 341 1578 Conventus
367 1548 620 1578 n1011achorum¹¹
645 1549 837 1578 Sanctorum
863 1548 997 1578 Cosmae
1024 1553 1055 1578 et
1080 1548 1228 1578 Damiani
1253 1548 1373 1578 obedit.
1462 1548 1575 1579 Abbas
1602 1549 1712 1578 Sancti
1733 1548 1795 1579 Va-

159 1599 267 1630 lentini
293 1599 411 1630 obedit.
502 1599 656 1640 Magister
679 1601 812 1630 fratrum
831 1599 957 1641 Templi
974 1600 1252 1630 Hierosoliinitani
1279 1601 1308 1630 in
1334 1604 1440 1630 monte
1460 1600 1622 1630 Aventino
1642 1610 1713 1630 cum
1735 1601 1800 1630 suis

157 1650 325 1681 fratribus0
349 1651 467 1681 obedit.
558 1651 743 1682 Cardinalia.
768 1652 879 1682 Sancti
906 1652 1048 1682 Marcelli
1079 1652 1196 1682 obedit.
1289 1651 1404 1682 Clerici
1430 1651 1469 1682 de
1495 1651 1671 1682 cardinalia
1697 1654 1796 1682 Sanc-

158 1705 261 1732 torum
285 1703 512 1743 Apostolorum
546 1702 711 1733 obediunt.
807 1702 921 1733 Clerici
954 1703 992 1733 dc
1018 1703 1213 1733 cardinaliar
1239 1703 1349 1733 Sancti
1374 1703 1463 1733 Petri
1493 1703 1533 1733 ad
1559 1703 1698 1734 Vincula
1723 1704 1799 1734 obc—

159 1752 257 1784 diunt.
347 1753 463 1784 Clerici
488 1754 527 1784 de
553 1754 728 1784 cardinalia
747 1754 855 1785 Sancti
875 1755 1023 1785 Silvestri
1049 1754 1211 1785 obediunt.
1297 1754 1413 1785 Clerici
1436 1754 1474 1784 dc
1493 1754 1669 1785 cardinalia
1689 1754 1798 1785 Sancti

159 1804 251 1846 Syxti
276 1805 438 1836 obediunt.
529 1805 645 1836 Clerici
670 1806 709 1837 de
735 1806 911 1837 cardinalia
934 1806 1072 1837 Sanctae
1099 1806 1241 1836 Sabinae
1267 1806 1430 1836 obediunt.
1522 1805 1639 1836 Clerici
1665 1807 1704 1837 de
1731 1817 1798 1837 car-

158 1856 276 1887 dinalia
305 1856 443 1888 Sanctae
479 1857 643 1888 Sabilinae
676 1858 840 1889 obediunt.
938 1858 1122 1888 Cardinalia
1154 1858 1265 1888 Sancti
1291 1857 1419 1898 Cyriaci
1444 1857 1529 1899 apud
1555 1858 1697 1889 thermas
1722 1858 1798 1888 Dio-

159 1909 286 1939 cletiani
326 1909 443 1940 obedit.
546 1909 662 1940 Clerici
699 1910 737 1940 de
774 1910 949 1940 cardinalia
988 1910 1126 1940 Sanctae
1162 1910 1284 1940 Mariae
1324 1915 1412 1939 trans
1449 1909 1598 1950 Tyberim
1636 1910 1800 1940 obediunt.

159 1959 272 1990 Clerici
308 1960 347 1991 de
381 1960 558 1991 cardinalia
587 1961 726 1992 Sanctae
759 1961 881 1992 Mariae
914 1963 944 1991 in
974 1962 1102 1991 Porticu
1137 1961 1320 1991 obediu11t⁴1.
1411 1960 1527 1991 Clerici
1557 1961 1596 1991 de
1624 1962 1800 1992 cardinalia

159 2010 268 2041 Sancti
292 2011 428 2052 Nycolai
454 2013 484 2042 in
510 2012 647 2043 Carccrc
673 2013 836 2043 obediunt.
928 2013 1159 2043 1111111115101111111
1185 2012 1323 2043 Sanctae
1342 2013 1491 2053 Agathae
1516 2013 1634 2043 obedit.
1683 2013 1799 2043 Archi-

160 2063 318 2103 presbitcr
347 2063 455 2094 Sancti
480 2064 676 2105 Apollinaris
708 2064 825 2095 obedit.
915 2065 1177 2106 Archiprcsbiter
1202 2065 1310 2095 Sancti
1336 2064 1447 2105 Triphi
1473 2064 1590 2095 obedit.
1682 2065 1797 2094 Archi-

161 2114 320 2155 presbiter
352 2114 461 2146 Sancti
491 2115 710 2146 Bai-tholomei
742 2116 860 2147 obedit.
958 2116 1128 2146 Aecclesia
1154 2116 1264 2146 Sancti
1296 2115 1383 2146 Celsi
1413 2116 1532 2146 obedit.
1629 2116 1799 2146 Aecclesia

161 2165 298 2196 Sanctae
323 2166 444 2197 Mariae
470 2167 500 2197 in
525 2167 725 2198 Monasterio
751 2167 872 2199 obe-dit.
962 2168 1132 2199 Aecclesia
1157 2169 1297 2198 Sanctae
1323 2167 1445 2198 Mariae
1472 2168 1501 2198 in
1527 2168 1656 2198 Palaria
1680 2168 1799 2198 obedit.

159 2218 330 2248 Aecclesia
362 2218 471 2249 Sancti
503 2219 680 2250 Salvatoris
710 2219 749 2250 de
775 2218 889 2250 Curtcr
914 2219 1029 2250 obedit.
1120 2219 1384 2260 Archipresbitcr
1409 2219 1520 2249 Sancti
1538 2219 1699 2250 Vincentii
1728 2230 1798 2249 cum

159 2270 222 2299 suis
246 2270 365 2301 obedit.
455 2271 716 2312 Arehipresbiter
741 2271 880 2301 Sanctae
905 2270 1077 2301 Catarinac.
1108 2282 1178 2301 cum
1204 2271 1288 2301 suisS
1313 2270 1431 2301 obedit.
1522 2272 1798 2312 Archipresbiter¹

159 2321 268 2352 Sancti
297 2322 440 2353 Thomac
473 2322 512 2352 de
542 2322 695 2352 Parrione
729 2322 846 2353 obedit.
943 2323 1202 2364 Archipresbiter
1232 2323 1370 2353 Sanctae
1397 2323 1610 2352 Anastasiac¹¹
1636 2333 1707 2353 eum
1732 2324 1797 2353 suis

159 2373 298 2404 obeditV.
387 2374 649 2415 Archipresbiter
684 2373 793 2404 Sancti
827 2374 1002 2405 Salvatoris
1038 2374 1076 2405 de
1108 2374 1229 2415 Campo
1265 2385 1335 2404 cum
1372 2374 1437 2404 suis
1474 2373 1591 2404 obedit.
1683 2374 1798 2404 Archi-

158 2426 316 2465 presbitcr
335 2425 472 2457 Sanctae
491 2426 613 2457 Mariae
638 2427 669 2456 in
694 2430 801 2457 monte
820 2426 915 2457 Celso
941 2437 1013 2457 cum
1038 2427 1103 2457 suis
1122 2426 1240 2457 obedit.
1323 2425 1364 2455 Et
1381 2425 1500 2456 multae
1519 2426 1601 2455 aliac
1619 2426 1798 2456 aecclesiae

158 2480 190 2506 ct
213 2478 409 2509 monasteria
434 2477 663 2515 obedierunt&
690 2488 769 2518 quas
794 2479 848 2508 vix
873 2489 1061 2509 enumcrare
1087 2479 1242 2509 valemus.

262 2580 323 2605 18⁸.
348 2582 373 2611 ἕ)
394 2581 459 2605 deest
479 2581 502 2605 B
515 2580 544 2607 ⁸2:
574 2583 741 2606 reverentiam
761 2582 782 2605 ci
804 2581 848 2606 [Γ.
955 2581 978 2607 '1'1
1000 2583 1045 2606 hoc
1064 2584 1086 2607 ei
1109 2582 1161 2606 (¹2.
1261 2587 1278 2607 1>
1298 2583 1407 2606 Basilius
1427 2581 1473 2605 B‘.
1563 2579 1586 2604 kl
1607 2581 1641 2603 im
1660 2581 1683 2605 lt.
1699 2582 1714 2605 l.
1736 2581 1758 2604 lt
1775 2581 1798 2607 l:

157 2623 267 2647 obedivit
288 2623 334 2647 (¹2
350 2628 371 2647 et
390 2624 424 2647 ica
443 2630 555 2656 semper-J
582 2624 677 2648 podices
701 2633 758 2648 vero
778 2625 928 2656 plerumque
947 2626 1017 2649 obed.
1039 2626 1075 2649 “cl
1095 2636 1116 2649 o.
1222 2624 1238 2649 l,
1259 2625 1326 2649 «least
1347 2625 1369 2647 I}
1387 2626 1409 2648 2.
1510 2627 1540 2651 ¹¹¹)
1560 2625 1638 2647 (¹onv.
1659 2625 1680 2646 S.
1703 2624 1799 2647 Saliene

157 2670 180 2689 ct
194 2668 218 2690 S.
232 2667 327 2690 Mariae
347 2667 371 2690 in
385 2667 509 2698 Capitolio
529 2668 649 2691 obediunt
665 2667 710 2697 lv,
730 2667 772 2697 qni
791 2668 824 2690 lm
845 2669 945 2698 meldim
958 2669 1008 2691 «luo
1024 2669 1277 2691 nondunc‹›711'1111.1·1'(.
1350 2672 1373 2692 Ἠ
1394 2668 1460 2690 dccxl
1483 2667 1510 2690 ΙΙ.
1582 2670 1604 2688 “·1
1626 2667 1691 2689 mres-t
1709 2667 1736 2690 Ιι’.
1755 2666 1797 2689 [Γ.

157 2713 181 2729 1¹1¹
200 2710 289 2733 Clcrici
317 2710 346 2733 :le
374 2711 512 2734 cardinalia
539 2712 561 2733 S.
588 2711 701 2734 Marcelli
730 2716 754 2734 ct
782 2711 811 2734 dc
840 2712 908 2735 cardi
933 2716 974 2735 ple.
997 2712 1042 2735 Is.
1142 2717 1165 2736 ⁴1!
1187 2712 1220 2735 ila
1241 2712 1264 2735 l1.
1284 2712 1299 2734 Ι.
1324 2711 1344 2734 l:
1362 2711 1381 2735 1.
1474 2714 1493 2731 ¹*
1514 2718 1570 2733 ‹¹¹1111
1596 2710 1648 2732 ⁵¹¹1>
1668 2709 1729 2732 (ΗΜ.
1753 2709 1798 2732 If*-

157 2751 176 2781 ⁸)
197 2760 253 2775 cnm
273 2753 325 2775 suis
344 2753 394 2775 des.
408 2752 439 2776 12.
454 2752 501 2777 B‘.
590 2754 608 2780 ἴ)
628 2754 694 2777 Imm:
710 2754 781 2784 pmii!
799 2758 854 2784 pos!
874 2754 944 2777 illum
966 2755 1054 2778 Sam-li
1074 2755 1217 2778 Nulo-alaris
1241 2754 1295 2777 111.
1386 2754 1410 2785 ¹¹)
1432 2753 1559 2776 Anas-iasii
1584 2752 1626 2775 [Γ.
1717 2756 1738 2779 vl
1759 2753 1799 2776 ob.

157 2802 214 2817 cum
233 2794 286 2818 suis
304 2794 328 2817 B
342 2794 363 2818 l.
453 2799 481 2825 W)
502 2796 535 2819 lta
556 2796 577 2819 lc⁴
594 2797 609 2819 l.
630 2796 653 2819 Β
669 2796 689 2820 l.
