2205 3072
313 181 372 210 310
408 164 414 170 ›
640 175 823 201 FRIDERICI
841 176 862 202 Ι.
882 172 1203 201 CONSTITUTIONES.
1236 172 1307 198 1163.
1331 171 1403 197 1164.
1435 171 1552 197 N1n218.
1572 171 1629 197 219.

313 276 383 296 eum
408 265 555 295 ecclesiis
586 267 617 294 ct
647 263 790 294 castellis
819 262 949 303 suisque
978 261 1181 303 pertinentiis
1211 259 1250 290 ad
1281 259 1501 300 episcopatum
1532 258 1713 300 predictum
1744 262 1776 289 et
1800 257 1954 288 ecclesias

312 320 497 358 prenotatas
521 315 742 349 attinentibus,
776 324 909 355 quorum
939 314 998 344 hec
1023 316 1097 343 sunt
1126 312 1267 343 nomina:
1300 310 1392 341 Mons
1417 309 1570 351 episcopi,
1595 310 1783 350 Agnanum,
1809 309 1955 339 Monstri-

313 369 409 399 naldi.
435 367 683 403 Monstulianus,
708 365 904 403 Montecelli,
931 365 1145 400 Sanvictorin,
1169 363 1415 403 MontefragaiO,
1441 362 1588 394 Laturre.
1614 360 1955 402 Collepah1mbi.Glo-

313 421 418 454 misso,
444 420 553 450 Monte
578 422 710 449 sanctae
727 417 861 455 Mariae,
886 417 984 453 Clesi.
1014 416 1155 448 Petreio.
1174 415 1349 450 Lasclizza,
1368 414 1468 445 Collis
1487 413 1611 450 casalis,
1635 432 1672 435 Ἀ
1697 413 1904 443 convenimus
1922 416 1956 442 ut

314 473 381 513 ipsa
416 472 527 502 civitas
560 481 631 501 cum
665 469 811 500 ecclesiis
850 473 881 499 et
915 469 1058 499 castellis
1092 467 1245 510 predictis
1282 476 1385 507 neque
1417 465 1488 496 duci
1525 475 1628 505 neque
1658 464 1830 494 marchioni
1861 464 1956 494 alicui
1997 473 2007 490 z.

314 529 346 554 et
377 524 454 553 nulli
486 533 626 563 unquam
662 531 821 563 personae
852 530 988 561 magnae
1021 520 1071 550 vel
1102 529 1220 561 parvae
1254 518 1283 548 in
1315 517 1421 558 aliquo
1454 516 1680 558 respondeant.
1715 516 1775 546 nisi
1803 515 1956 556 legitime.

314 575 362 615 (4)
389 575 524 615 Insuper
547 584 652 614 neque
678 573 709 603 in
733 572 824 603 fodro
849 582 954 613 neque
980 572 1010 602 in
1036 571 1172 602 collecta
1197 580 1255 600 nec
1280 570 1309 600 iu
1335 570 1461 610 aliquo³¹
1487 569 1635 609 cuiquam
1661 567 1880 609 respondeant
1897 566 1957 597 nisi

315 631 437 656 tantum
463 626 552 656 nobis
578 625 625 655 vel
649 624 793 665 generali
818 628 927 654 nostro
953 624 1080 661 nuncio,
1106 622 1159 663 qui
1184 621 1436 652 iurisdietionem
1455 619 1493 650 ad
1511 619 1570 650 hoc
1588 619 1716 650 habeat.
1799 618 1848 659 (5)
1873 618 1958 649 Con-

316 679 402 709 sules
436 688 571 719 quoque.
603 677 655 717 qui
688 676 719 706 in
750 686 788 706 ea.
812 675 942 705 civitate
971 678 1044 705 sunt
1069 674 1118 705 vel
1142 684 1198 715 pro
1223 678 1367 714 tempore
1393 676 1495 707 erunt„
1526 672 1634 702 facere
1659 671 1780 701 debent
1803 670 1957 700 iustitiam

317 731 346 761 in
373 731 501 760 civitate
527 732 559 759 et
584 729 615 758 in
640 728 787 758 districtu
813 727 882 758 eius
907 730 1003 767 atque
1028 726 1059 756 in
1077 725 1228 767 predictis
1247 725 1399 761 castellis.
1425 724 1450 754 si
1473 724 1626 764 episcopo
1644 726 1674 753 et
1692 722 1825 764 prelatis
1843 732 1956 762 supra·
1987 730 2010 748 ιο

316 782 473 812 dictarum
507 780 717 811 ecclesiarum
747 778 913 820 placuerit.
967 777 1009 808 Et
1041 778 1067 808 si
1098 778 1207 808 facere
1240 787 1301 807 non
1326 779 1494 817 poterunt,
1528 774 1701 816 imperialis
1726 774 1826 804 nostri
1852 773 1959 803 nuncii

316 834 469 864 auxilium
496 835 607 874 petant
631 835 663 862 et
687 841 795 861 secum
818 830 938 871 pariter
960 829 1089 860 faciant.
1183 828 1233 869 (6‘)
1259 828 1412 858 Preterea
1436 827 1583 858 consules
1601 829 1634 857 et
1651 826 1737 856 cives
1755 825 1959 866 supradictae

318 884 457 916 civitatis
484 884 633 914 nuncium
659 886 801 913 nostrum
825 881 990 923 imperiale
1016 880 1141 911 fodrum
1167 884 1312 910 nostrum
1337 879 1489 920 colligere
1514 878 1598 909 bona
1621 877 1684 908 fide
1707 877 1863 908 iuvabunt
1879 877 1959 907 infra

317 943 348 967 et
383 940 476 967 extra
512 936 698 966 comitatum
728 933 947 975 Eugubinum,
982 933 1007 963 si
1038 932 1106 974 ipse
1138 932 1274 962 nuncius
1305 934 1413 961 noster
1442 941 1495 961 eos
1522 929 1691 970 rogaverit.
1781 929 1829 970 (7)
1854 928 1960 959 Nichil

317 992 423 1018 autem
448 987 533 1018 aliud
559 987 707 1018 consules
732 985 865 1027 predicti
891 985 940 1015 vel
968 985 1055 1015 cives
1079 984 1194 1014 nuncio
1218 987 1326 1013 nostro
1352 994 1393 1013 ex
1417 982 1524 1013 debito
1547 982 1714 1012 occasione
1732 981 1831 1011 nostri
1852 980 1959 1011 facere
1989 990 2012 1007 1⁵

318 1040 447 1077 debent,
473 1050 529 1081 pro
554 1049 591 1070 eo
617 1037 701 1079 quod
726 1038 757 1068 in
782 1037 924 1079 presenti
950 1036 990 1066 ad
1015 1036 1141 1066 felicem
1165 1039 1308 1065 nostram
1327 1033 1569 1076 expeditionem
1592 1034 1621 1063 in
1642 1033 1793 1074 Apuliam
1811 1033 1863 1063 vel
1882 1042 1959 1073 quo-

318 1102 454 1132 cumque
488 1091 682 1121 voluerimus
715 1094 842 1120 centum
879 1089 977 1119 libras
1008 1088 1210 1118 denariorum
1241 1086 1437 1117 Lucensium
1471 1086 1519 1116 vel
1544 1085 1734 1115 Pisanorum
1764 1084 1854 1115 nobis
1884 1084 1961 1114 dare

318 1143 440 1174 debent
470 1147 500 1173 et
531 1143 561 1173 in
591 1147 754 1183 posterum
784 1141 918 1182 siugulis
949 1141 1039 1170 annis
1070 1139 1242 1180 sexaginta
1274 1139 1373 1168 libras
1398 1137 1593 1168 Lucensium
1624 1136 1674 1166 vel
1705 1136 1893 1166 Pisauorum
1923 1135 1962 1165 de

319 1196 448 1225 civitate
474 1199 505 1225 et
530 1194 677 1224 eeclesiis
702 1204 773 1224 cum
799 1192 1059 1234 possessionibus
1084 1191 1149 1221 suis
1174 1202 1211 1221 ac
1237 1189 1442 1232 pertiuentiis
1467 1194 1499 1219 et
1523 1188 1663 1219 castellis
1689 1187 1850 1229 predictis.
1898 1186 1962 1217 Sed

321 1248 452 1288 iusuper
477 1246 632 1276 iuvabunt
656 1245 723 1275 siue
750 1244 860 1274 fraude
886 1248 918 1274 et
942 1244 1026 1273 bona
1049 1242 1112 1273 fide
1137 1242 1289 1272 nuncium
1308 1245 1449 1271 nostrum
1468 1240 1636 1281 acquirere
1654 1239 1819 1270 residuum
1838 1238 1962 1269 fodrum
1991 1246 2015 1265 20

320 1303 463 1329 nostrum
488 1298 527 1328 (le
553 1308 636 1328 anno
660 1297 826 1338 preterito.
916 1296 962 1335 (S)
989 1295 1022 1325 Si
1047 1295 1118 1335 quis
1142 1298 1250 1324 autem
1275 1293 1356 1323 hanc
1381 1293 1629 1323 conventionem
1656 1291 1832 1332 infregerit.
1858 1300 1961 1331 penae

322 1350 408 1381 mille
433 1350 584 1380 librarum
610 1350 678 1379 auri
705 1349 880 1379 subiaceat.
971 1346 1017 1383 (9)
1044 1346 1085 1376 Et
1110 1346 1167 1376 has
1192 1345 1364 1385 sexaginta
1388 1344 1487 1374 libras
1511 1344 1676 1374 annuatim
1702 1343 1733 1373 in
1755 1342 1838 1373 festo
1861 1342 1965 1372 sancti

320 1402 449 1432 Martini
482 1401 566 1442 apud
596 1400 750 1431 Sanctum
780 1399 947 1430 Miuiatum
977 1403 1031 1428 aut
1062 1398 1114 1428 ubi
1145 1398 1333 1428 iusserimus
1367 1396 1458 1427 nobis
1483 1396 1684 1437 persolvent,
1722 1395 1781 1425 uisi
1813 1405 1849 1425 eo
1881 1404 1964 1424 anno

320 1453 448 1495 quando
474 1452 596 1483 fodrum
622 1452 788 1492 imperiale
813 1462 869 1492 per
893 1455 992 1481 totam
1017 1450 1143 1480 Italiam
1169 1453 1200 1480 et
1225 1449 1375 1479 similiter
1398 1448 1438 1478 ab
1457 1448 1534 1489 ipsis
1554 1447 1646 1477 nobis
1664 1447 1777 1477 tollere
1795 1446 1963 1487 placuerit.

321 1506 390 1541 (10)
416 1504 485 1540 Que
516 1504 621 1534 omnia
656 1507 690 1533 ut
724 1503 829 1533 verius
860 1513 878 1533 a
907 1502 1029 1532 cunctis
1059 1500 1232 1532 credantur
1264 1511 1300 1530 ac
1332 1504 1489 1541 perpetuo
1522 1499 1709 1540 diligentius
1738 1498 1960 1531 observentur,
1991 1505 2016 1524 25·

321 1561 504 1598 presentem
539 1557 690 1597 paginam
721 1565 816 1585 manu
852 1554 980 1596 propria
1016 1553 1204 1583 roborantes
1242 1552 1418 1583 maiestatis
1454 1554 1580 1581 nostrae
1617 1550 1724 1591 sigillo
1762 1550 1966 1591 precepimus

322 1609 476 1649 insigniri.

460 1659 594 1700 Signum
619 1659 727 1689 domni
753 1657 917 1688 Frederici
942 1657 1159 1688 Romanorum
1184 1655 1389 1697 imperatoris
1414 1654 1624 1685 invictissimi.
1641 1652 1654 1692 ἐξ
1700 1653 1769 1692 (Μ.)

424 1713 437 1752 ἐξ
460 1711 532 1752 Ego
561 1710 738 1741 Rainaldus
769 1713 900 1741 sanctae
937 1709 1139 1739 Coloniensis
1170 1708 1329 1739 ecclesiae
1366 1707 1487 1737 clectus
1520 1706 1634 1736 Italiac
1665 1704 1968 1735 archicancellarius

323 1764 501 1804 recognovi.
577 1763 627 1802 (L.
648 1762 695 1802 S.)
1997 1766 2021 1784 τω

426 1815 510 1845 Data.
534 1814 591 1846 YI.
618 1813 707 1844 Ydus
739 1813 929 1844 Novembris
959 1823 1042 1843 auno
1076 1812 1255 1842 dominicae
1289 1810 1517 1841 incarnationis
1543 1808 1728 1844 MCLXHI.
1758 1808 1867 1839 indict.
1892 1807 1967 1840 XII.

323 1868 501 1908 imperante
526 1866 642 1896 domno
668 1866 840 1897 Frederico
864 1865 1080 1895 Romanorum
1106 1865 1300 1905 imperatore
1327 1863 1545 1893 invictissime.
1570 1872 1653 1892 auno
1683 1861 1772 1900 regui
1805 1860 1874 1890 eius
1892 1859 1968 1893 XII.

324 1919 448 1960 imperii
468 1918 577 1949 VIIII.
626 1919 742 1948 Actum
768 1917 890 1947 Laude.
938 1916 973 1947 In
1000 1916 1060 1946 Dei
1086 1916 1229 1946 nomine:
1255 1916 1392 1945 feliciter
1416 1925 1520 1944 amen.

510 2261 604 2312 ³219.
647 2256 1127 2312 MANDATUM
1169 2255 1276 2308 DE
1310 2253 1500 2307 LITE
1534 2250 1780 2306 DUCIS

371 2335 786 2389 AUSTRIAE
829 2335 927 2387 ET
967 2332 1347 2387 EPISGOPI
1390 2326 1919 2384 PATAVIENSIS

890 2410 1402 2465 DIRIMENDA.

853 2505 980 2547 (1164.
1010 2505 1114 2539 Mart.
1142 2504 1196 2539 18.
1221 2524 1251 2527 μ
1274 2505 1355 2539 Iun.
1377 2504 1454 2543 21.)

430 2615 607 2654 Epistolmn
633 2614 829 2653 imperatoris
853 2614 896 2644 ad
919 2614 952 2644 E
957 2613 1142 2644 berhardmn
1166 2613 1429 2652 archiepiscopum
1454 2611 1710 2650 Salebmammem
1737 2609 1852 2645 daiam,
1881 2618 1974 2646 quam

328 2666 418 2696 Per&ss
442 2666 546 2696 nn'nus
568 2668 637 2704 apte
661 2666 716 2695 snb
744 2665 867 2695 rubrica
894 2664 992 2695 Curia
1016 2665 1199 2695 Parmensis
1223 2664 1265 2694 (ιιῖ
1291 2666 1434 2694 aestatem
1459 2674 1487 2695 a.
1507 2663 1589 2692 1159
1615 2661 1754 2691 inseruit.
1779 2660 1820 2689 nd
1842 2670 1871 2691 ιι.
1893 2660 1972 2688 1164

324 2719 479 2756 perlim'rr
502 2718 648 2747 disemus
672 2728 709 2746 asu·
733 2716 914 2747 Annalibus
937 2716 1148 2746 Immensibus
1171 2715 1241 2753 (SS.
1267 2715 1403 2749 ΧῙἸΙΙ,
1427 2716 1477 2745 57.
1500 2716 1563 2753 58),
1588 2713 1642 2752 qw'
1666 2713 1810 2743 nui-mnf.
1835 2721 1867 2739 eo
1890 2720 1973 2740 anno
2001 2722 2025 2738 40

429 2812 492 2837 218.
518 2817 540 2838 ῃ)
559 2813 669 2843 minum·
689 2813 783 2836 larana
801 2816 892 2842 septem
911 2821 954 2836 seu
973 2816 1025 2835 octo
1045 2812 1177 2835 lim-arma
1197 2811 1306 2842 spatium
1325 2812 1444 2835 ahtinmzs.
