2205 3072
307 162 367 192 282
419 160 425 166 ’
710 160 892 187 FRIDERICI
914 161 932 186 Ι.
952 161 1274 187 CONSTITUTIONES.
1314 162 1386 188 1162.
1424 162 1542 188 Nr.205.

528 373 626 423 ⁶205.
669 370 1136 425 CONVENTIO
1179 372 1353 425 CUM
1394 371 1731 425 PISANIS.

992 466 1099 501 1162.
1128 465 1217 510 Apr.
1240 466 1273 500 6.

409 571 596 602 praebemus
628 583 666 603 car
697 574 895 613 automaplw,
927 574 1008 613 quod
1038 574 1101 604 iam
1130 575 1310 604 asservatur
1339 575 1372 604 in
1404 574 1560 605 tabulario
1590 575 1673 614 regio
1696 574 1832 611 Pisanoe
1863 575 1950 605 cuius

306 623 391 654 balla
414 634 511 654 (citrea
535 624 694 662 deperdita
717 627 768 662 θεῖ,
790 627 856 664 silis
878 627 985 656 sericis·
1008 625 1099 655 ‘rubri
1122 625 1232 655 coloris
1254 625 1378 656 relictis.
1418 626 1456 656 In
1479 626 1570 656 dorso
1592 626 1723 665 lcyitnr:
1746 626 1786 656 A.
1804 626 1843 657 A.
1860 625 1916 656 Nr.
1936 629 1945 656 l

306 677 333 705 ct
355 684 453 704 manu
475 684 551 706 saec.
572 675 647 706 XV:
671 675 882 717 Privilegium
906 678 955 718 pis
978 688 996 707 a
1020 677 1082 707 dno
1107 676 1281 707 Frederico
1304 677 1497 718 imperatore
1523 688 1712 708 concessum
1730 677 1769 707 de
1790 677 1949 708 frachisiis

306 730 337 756 ct
362 726 546 757 honoribus.
596 727 710 757 Tenus
733 730 812 758 totas
836 739 901 758 mia
924 728 1087 767 eademque
1110 738 1207 757 maim
1230 730 1379 758 eviratus
1402 730 1461 766 cst,⁴
1484 729 1518 758 in
1536 729 1597 759 imo
1612 728 1753 767 vzaryinc
1769 728 1854 759 laevo
1870 739 1952 768 pars

302 788 406 816 parva
428 788 636 817 pci'glamcnac
667 779 804 810 abscissa
833 782 885 811 cst.
931 780 1156 810 Aduotaiidzcm
1184 781 1228 809 cst
1256 780 1347 809 ctiam
1377 779 1430 810 hoc
1452 780 1527 817 loco,
1561 781 1593 809 in
1622 780 1718 817 linea,
1749 790 1842 819 quam
1870 781 1953 820 sigma*

308 831 428 866 rvocant,
461 832 530 868 post
564 840 792 869 ottonom-amma
822 832 885 861 alio
917 833 1088 861 atramento
1123 833 1150 861 <et
1180 831 1247 861 alia
1277 841 1381 867 vimen,
1414 832 1529 863 sacculi
1552 831 1625 862 XV.
1654 833 1688 861 ut
1720 831 1795 862 mihi
1822 832 1951 869 videtur,

306 881 421 911 saeculi
440 881 522 912 XII.
554 884 655 912 tantun
684 883 871 921 scripturam
897 883 1015 913 imitari
1038 884 1174 919 commite,
1206 883 1321 921 scripta
1345 893 1422 913 csse:
1451 884 1470 922 †
1496 883 1584 914 EGO
1609 883 1789 915 Reinaldus
1814 884 1951 915 Romani

308 933 431 974 imperii
464 933 766 964 archicancellarius
800 935 971 975 recognovi
1003 938 1034 964 et
1059 945 1101 964 ss,
1152 934 1374 974 Ettroemplaimn
1404 937 1448 964 cst
1475 934 1612 973 diploma
1634 937 1773 965 nostrum
1799 936 1831 966 in
1855 935 1951 966 Libro

300 984 536 1023 yn-ive‘leyiornm
561 985 696 1015 civitatis
719 985 880 1017 Ριζςαφταα1
909 986 1019 1016 codicis
1047 986 1264 1016 univcrsitatis
1287 985 1499 1016 Brmowimsis
1522 986 1606 1016 :3385
1634 996 1710 1017 saec
1731 986 1825 1018 XIV.
1845 986 1904 1028 fol.
1922 990 1951 1019 1.

306 1034 510 1075 Privilcgyinm
522 1037 628 1075 patris
645 1037 786 1075 reperavit
802 1037 973 1068 Hciure'cus
994 1037 1046 1068 VI.
1065 1048 1093 1067 α.
1109 1038 1201 1067 1191.
1220 1037 1320 1069 Mart.
1336 1040 1353 1067 1
1371 1040 1411 1077 (U.
1433 1038 1544 1077 iufra).
1563 1056 1600 1059 —
1620 1037 1755 1078 Stnmpf,
1772 1038 1845 1078 Rey.
1858 1039 1951 1069 3936.

1673 1089 1724 1129 (P.
1742 1089 1848 1127 deest.)

410 1163 476 1204 (C.)
499 1164 513 1205 3}
536 1165 573 1195 In
592 1166 720 1196 nomine
739 1170 846 1204 sancte
865 1170 897 1197 et
915 1166 1076 1204 individue
1093 1166 1272 1197 Trinitatis.
1308 1166 1491 1197 Fridericus
1509 1166 1615 1197 divina
1632 1167 1761 1198 favente
1779 1167 1951 1198 clementia

306 1215 523 1246 Romanorum
549 1216 723 1257 imperator
747 1222 914 1258 augustus.
1005 1218 1054 1258 (1)
1080 1218 1200 1249 Deceta
1225 1219 1424 1260 imperialem
1451 1219 1679 1249 excellentiam
1704 1220 1784 1250 votis
1806 1220 1948 1250 omnium

308 1277 344 1297 ac
369 1267 583 1308 peticionibus
608 1268 750 1299 fidelium
769 1268 929 1308 suorum}
953 1270 1130 1300 clementer
1154 1280 1306 1306 annuere⁷
1334 1270 1459 1300 illorum
1476 1271 1639 1311 precipue,
1665 1281 1800 1311 quorum
1821 1270 1901 1301 fides
1919 1274 1951 1301 et

306 1318 436 1349 devotio
461 1319 544 1350 circa
569 1320 829 1351 sublimationem
864 1321 990 1363 imperii
1016 1325 1046 1351 et
1076 1326 1217 1352 nostram
1243 1322 1287 1351 ita
1312 1321 1431 1362 liquido
1457 1321 1669 1363 resplenduit,
1699 1321 1781 1362 quod
1807 1322 1951 1363 ipsorum

309 1370 455 1411 preclara
479 1375 510 1401 et
540 1371 677 1402 honesta
702 1373 837 1403 servicia
863 1383 918 1414 pre
944 1374 991 1403 sui
1023 1373 1244 1414 magnitudine
1270 1378 1301 1404 et
1326 1374 1530 1404 multitudine
1556 1373 1627 1404 aliis
1652 1374 1808 1404 imitanda
1832 1385 1950 1416 propo-

307 1427 435 1453 nuntur.
483 1422 667 1464 Congruum
693 1424 775 1454 enim
801 1427 832 1454 et
858 1425 1049 1455 rationabile
1067 1425 1203 1462 videtur,
1230 1436 1286 1455 nos
1306 1436 1415 1455 eorum
1433 1425 1582 1455 fidelibus
1600 1425 1764 1466 obsequiis
1783 1436 1823 1456 ex
1840 1430 1950 1457 nostra

307 1473 465 1515 imperiali
496 1474 671 1515 largicione
702 1480 733 1506 et
764 1487 804 1506 ex
838 1476 1066 1507 beneficiorum
1101 1477 1240 1517 gratuita
1271 1477 1442 1507 collatione
1476 1477 1519 1507 ita
1548 1480 1715 1518 gratanter
1743 1478 1950 1519 respondere,
1979 1479 1989 1497 ²

306 1524 389 1565 quod
421 1525 514 1556 huius
548 1531 654 1564 nostre
687 1527 814 1567 pietatis
846 1528 996 1568 exemplo
1027 1528 1132 1558 minus
1173 1528 1317 1558 fidelium
1355 1528 1477 1558 animos
1509 1528 1549 1558 ad
1583 1528 1785 1559 serviendum
1815 1529 1953 1560 fideliter

306 1577 437 1617 imperio
462 1577 598 1607 alacrius
624 1588 846 1619 provocemus.
894 1578 1021 1614 Quanto
1047 1580 1130 1610 enim
1161 1580 1284 1620 potiora
1316 1580 1399 1610 bene
1426 1583 1588 1611 merentes
1613 1580 1652 1610 de
1678 1580 1769 1611 nobis
1795 1581 1953 1612 beneficia

305 1628 474 1669 recipiunt,
510 1633 598 1660 tanto
632 1631 786 1661 maiorem
822 1642 938 1669 corone
976 1635 1082 1669 nostre
1117 1632 1251 1672 gloriam
1285 1642 1472 1662 accrescere
1510 1631 1669 1662 eredimus
1706 1635 1738 1662 et
1768 1633 1952 1673 provenire.

307 1680 355 1720 (2)
381 1680 473 1711 Unde
503 1681 578 1722 quia
606 1682 747 1712 universi
781 1683 867 1713 cives
902 1683 1009 1713 Pisani
1040 1684 1139 1713 nostri
1170 1682 1347 1713 fidelissimi
1379 1687 1410 1713 et
1441 1683 1574 1724 imperio
1600 1694 1729 1724 semper
1753 1683 1950 1714 devotissimi

308 1743 365 1773 pro
392 1733 458 1762 suis
484 1732 663 1773 magnificis
689 1737 721 1764 et
745 1735 976 1775 multiplicibus
1001 1735 1156 1771 serviciis,
1183 1745 1243 1775 que
1269 1734 1309 1764 ad
1334 1733 1554 1775 probationem
1581 1738 1612 1765 et
1637 1735 1950 1766 commendationem

306 1784 379 1814 fidei
416 1795 470 1821 sue
506 1784 597 1814 nobis
634 1788 665 1815 et
694 1785 824 1826 imperio
855 1786 1053 1826 frequentius
1086 1786 1317 1821 exhibuerunt,
1354 1786 1543 1827 ampliorem
1578 1786 1759 1817 dilectionis
1790 1791 1822 1817 et
1851 1788 1951 1828 gratie

306 1836 449 1866 favorem
472 1835 555 1876 apud
574 1840 715 1867 nostram
734 1837 936 1868 maiestatem
955 1838 1015 1868 sibi
1034 1838 1345 1873 thesaurizaverunt,
1372 1838 1511 1867 omnium
1529 1837 1672 1868 fidelium
1690 1842 1754 1868 tani
1772 1839 1950 1869 futurorum

307 1898 402 1928 quam
427 1888 625 1929 presentium
651 1888 766 1919 viderit
790 1893 857 1926 etas
883 1894 915 1919 et
939 1894 1130 1930 cognoscat,
1165 1894 1283 1930 quanta
1308 1889 1525 1929 benignitate,
1555 1899 1651 1929 quam
1676 1890 1824 1931 largiflua
1848 1891 1950 1932 impe-

306 1940 377 1970 riali
414 1939 635 1969 munificentia
670 1939 862 1970 Pisanorum
900 1941 1014 1971 merita
1048 1941 1162 1971 merito
1198 1941 1417 1981 respeximus⁷
1454 1941 1624 1982 presertim
1660 1952 1730 1971 cum
1766 1952 1824 1983 per
1859 1952 1949 1972 suam

307 1991 495 2021 industriam
532 1995 563 2021 et
593 1991 707 2021 virium
737 1992 912 2033 potentiam
944 1992 1098 2023 honorem
1124 1996 1155 2023 et
1180 1992 1312 2033 gloriam
1337 1993 1462 2033 imperii
1487 1997 1582 2033 atque
1607 1996 1726 2023 statum
1751 1993 1796 2023 rei
1822 1993 1948 2034 publice

306 2043 367 2084 ipsi
400 2054 456 2084 pre
489 2043 603 2073 ceteris
632 2043 769 2083 gloriose
801 2054 929 2084 semper
961 2044 1152 2074 adauxerint
1184 2048 1215 2074 et
1244 2054 1373 2085 semper
1397 2054 1515 2084 augere
1541 2045 1776 2085 proposuerint.
1824 2044 1951 2080 Quanta

308 2095 391 2124 enim
425 2093 581 2125 fidelitate
612 2098 643 2125 et
670 2095 829 2135 probitate
854 2095 973 2125 Pisana
1006 2096 1119 2125 civitas
1149 2106 1167 2125 a
1198 2096 1300 2136 prima
1329 2096 1377 2125 sui
1408 2095 1595 2125 fundatione
1627 2101 1722 2137 caput
1752 2107 1844 2127 suum
1869 2097 1953 2128 inter

307 2145 385 2176 alias
414 2146 561 2176 civitates
592 2147 760 2181 extulerit,
791 2151 909 2187 quanta
940 2147 1036 2177 etiam
1069 2147 1251 2177 constantia
1280 2147 1360 2177 divis
1392 2147 1652 2178 antecessoribus
1678 2148 1796 2178 nostris
1820 2149 1951 2189 regibus

307 2196 545 2227 Romanorumb
576 2202 608 2228 et
638 2198 885 2238 imperatoribus
916 2198 1103 2229 fidelissime
1135 2199 1306 2229 serviendo
1332 2203 1578 2240 perseveranter
1602 2199 1780 2235 adheserit,
1812 2210 1869 2230 nos
1894 2211 1950 2242 per

307 2250 406 2280 multa
430 2251 549 2290 scripta
574 2254 605 2280 et
629 2251 802 2281 relationes
829 2252 937 2292 sepius
963 2251 1152 2289 audivimus,
1178 2256 1210 2282 et
1226 2252 1357 2293 insuper
1374 2252 1574 2292 exipsorum
1593 2261 1723 2291 operum
1742 2253 1949 2283 attestatione

309 2302 339 2331 id
364 2302 468 2342 ipsum
494 2302 564 2332 luce
589 2302 706 2332 clarius
733 2306 866 2333 constat.
914 2302 1025 2333 Placet
1050 2303 1146 2343 igitur
1170 2306 1276 2340 nostre
1301 2303 1482 2340 clementie.
1512 2306 1546 2333 ut
1570 2302 1706 2333 Pisanus
1732 2304 1868 2344 populus
1893 2315 1949 2345 pro

307 2363 363 2382 sua
393 2352 454 2383 fide
485 2364 521 2383 ac
553 2352 725 2383 devotione
755 2353 1015 2384 honestissimum
1048 2354 1087 2384 de
1119 2354 1211 2384 nobis
1243 2365 1371 2395 semper
1395 2355 1532 2396 accipiat
1557 2354 1822 2391 emolumentum,
1854 2358 1888 2385 ut
1913 2366 1950 2386 eo

307 2404 517 2434 ferventiores
542 2404 582 2434 ad
607 2405 854 2445 promerendum
880 2405 1034 2435 honorem
1059 2406 1184 2447 imperii
1211 2416 1339 2447 semper
1363 2407 1515 2440 existant,
1541 2416 1603 2446 quo
1629 2405 1724 2435 fidem
1741 2411 1772 2435 et
1790 2407 1950 2437 strennui-

307 2460 406 2487 tatem
439 2460 563 2497 patrum
598 2468 726 2487 suorum
764 2457 908 2487 honestis
940 2458 1081 2488 moribus
1113 2462 1144 2487 et
1179 2458 1356 2499 perspicuis
1389 2458 1542 2488 virtutum
1579 2457 1729 2498 operibus
1759 2458 1949 2489 emulantur.

310 2510 357 2548 (3)
384 2508 462 2538 Inde
488 2511 547 2545 est⁷
573 2508 656 2549 quod
681 2519 738 2538 nos
761 2509 918 2549 siquidem
937 2509 1120 2539 Fridericus
1139 2509 1199 2539 Dei
1217 2510 1321 2550 gratia
1338 2509 1577 2539 Romanorumb
1602 2509 1777 2549 imperator
1794 2514 1948 2550 augustus

309 2559 422 2590 damus
449 2563 479 2589 et
503 2559 706 2589 concedimus
731 2560 760 2590 in
786 2560 914 2590 feodum
940 2560 1031 2590 vobis
1057 2560 1230 2591 Lamberto
1257 2561 1380 2591 consuli
1407 2561 1523 2591 Pisano
1548 2564 1580 2590 et
1598 2559 1725 2589 Villano
1750 2563 1781 2590 et
1798 2560 1951 2591 Heinrico

308 2615 339 2641 et
363 2610 474 2640 Blozio
499 2615 530 2641 et
555 2611 680 2651 Sigerio
706 2615 738 2641 et
763 2611 896 2652 Opizoni
921 2611 1038 2651 legatis
1064 2622 1134 2642 cum
1160 2622 1206 2648 ec,
1231 2612 1462 2653 recipientibus
1484 2622 1539 2653 pro
1558 2611 1687 2642 civita-te
1707 2614 1824 2650 vestra,
1849 2615 1950 2642 totum

370 2713 375 2715 Α
409 2704 474 2730 205.
499 2708 522 2732 ⁸)
542 2706 566 2729 in
587 2706 671 2730 littera
690 2707 712 2730 D
732 2706 817 2730 eodem
836 2710 978 2730 atramento
991 2706 1078 2738 facies
1098 2706 1206 2731 hominis
1225 2707 1324 2731 barbati
1343 2707 1442 2739 depicta
1460 2711 1501 2731 est.
1591 2705 1614 2735 b)
1635 2708 1697 2731 Rom
1717 2716 1754 2731 or.

412 2791 435 2821 1)
458 2790 495 2820 Cf.
518 2789 631 2815 ‘'Archiv‘'
652 2790 720 2823 XII,
743 2794 799 2816 578.

1979 942 2003 960 10

1978 1221 1999 1239 15

1978 1739 2001 1757 25

1977 1996 2001 2014 30

1977 2257 2001 2275 ³5

1976 2519 2001 2537 40
