2205 3072
214 275 231 288 Γ.

244 271 275 288 11.

225 1356 236 1368 ·.
250 1351 279 1368 13Δ

227 1662 238 1676 ’.
253 1657 283 1676 Η.

227 1820 239 1832 “.
257 1816 286 1833 15.

305 169 365 198 594
411 164 418 170 '
515 166 701 193 TANCREDI
720 166 824 192 REGIS
845 166 991 191 PACTUM
1011 165 1086 192 CUM
1106 165 1329 191 COELESTINO
1350 166 1396 191 ΙΙΙ.
1434 166 1507 191 1192.
1545 166 1592 191 Nr.
1606 166 1663 192 417.
1683 166 1740 192 418.

305 253 493 284 vacantibus
517 253 647 283 sedibus
671 257 764 283 elerici
788 257 957 283 convenient
979 257 1008 282 in
1031 265 1179 290 personam
1202 257 1332 283 idoneam
1359 255 1391 282 et
1414 265 1474 283 eam
1504 257 1669 283 excellentie
1692 259 1787 283 nostre
1812 252 1944 282 nuncia-

303 305 396 336 bunt:
421 315 483 344 que
508 309 530 334 si
553 317 610 334 non
633 308 718 334 fuerit
741 308 774 334 de
800 304 883 333 notis
907 308 1097 342 proditoribus
1113 310 1162 333 aut
1180 304 1262 334 notis
1284 308 1404 334 inimicis
1420 307 1524 333 nostris
1542 308 1585 334 vel
1608 304 1741 334 heredum
1758 302 1947 339 nost1·orum*‚

302 370 443 387 assensum
462 355 693 396 prestabimus:
719 355 745 384 si
764 365 839 385 vero
859 354 898 385 de
915 355 1000 385 notis
1019 354 1236 395 proditoribus
1254 358 1309 385 aut
1326 355 1409 385 notis
1434 355 1568 385 inimicis
1586 354 1706 384 nostris
1723 355 1773 384 vel
1793 353 1948 384 heredum

304 412 484 438 nostrorum
510 406 617 441 fuerit,
642 405 720 435 illud
746 405 884 436 ecclesie
903 406 1048 436 Romane
1067 417 1124 436 nos
1141 409 1172 436 et
1188 406 1327 437 heredes
1345 407 1445 437 nostri
1463 406 1729 447 significabimus,
1755 410 1788 436 et
1805 405 1948 436 ecclesia

271 480 277 485 -
304 459 449 489 Romana
473 468 544 489 eam
569 457 609 488 ad
634 460 777 487 nostrum
802 458 853 487 vel
877 457 1032 488 heredum
1058 461 1240 488 nostrorum
1267 458 1488 488 testimonium
1513 453 1707 498 reprobabit.
1797 456 1845 497 (6)
1870 461 1944 488 Cele-

305 514 448 540 bre-tiones
473 513 653 540 conciliorum
682 513 800 540 ecclesia
824 514 949 539 Romana
972 514 1066 545 faciet,
1094 514 1123 540 in
1147 523 1321 547 quacumque.
1346 513 1461 540 civitate
1485 513 1586 547 Apulie
1611 513 1655 539 vel
1678 513 1806 539 Calabrie
1830 513 1952 539 voluerit

271 583 275 587 -
304 568 353 592 aut
384 566 495 592 illarum
525 565 655 599 partium,
685 574 739 598 que
763 565 863 599 Apulie
894 568 959 591 sunt
988 566 1092 592 affines.
1183 562 1228 601 (7)
1259 566 1469 591 Translationes
1500 565 1529 590 in
1561 564 1684 591 ecclesiis
1714 560 1804 601 regni
1829 565 1904 596 fient,
1928 564 1951 590 si

303 618 455 644 necessitas
480 618 508 643 et
539 617 648 643 utilitas
672 617 787 643 ecclesie
816 617 937 650 aliquem
962 618 995 643 de
1019 626 1073 643 una
1097 617 1214 643 ecclesia
1242 618 1276 643 ad
1300 617 1384 643 aliam
1410 617 1552 643 vocaverit
1582 618 1611 643 et
1635 625 1682 643 vos
1706 618 1756 642 ant
1779 624 1951 642 successores

308 669 392 695 vestri
416 669 566 695 concedere
592 668 745 694 volueritis,
834 663 883 705 (8)
908 668 1139 695 Consecrationes
1164 670 1192 694 et
1217 668 1394 694 visitationes
1424 668 1509 694 libere
1533 668 1659 694 Romana
1688 667 1805 694 ecelesia
1829 667 1894 694 tam
1918 663 1949 693 in

308 716 418 746 Sicilia
441 726 536 756 quam
562 716 592 745 in
618 718 681 746 toto
706 729 791 753 regno
815 720 938 746 habebit.
1028 715 1074 755 (9)
1100 719 1135 745 Et
1159 720 1182 745 si
1206 720 1238 746 de
1256 720 1351 746 Sicilia
1368 728 1501 753 personas
1518 719 1627 753 aliquas
1644 720 1826 746 ecclesiastici
1843 720 1948 746 ordinis

306 771 456 803 vocaverit,
484 767 624 797 venient.
672 771 882 805 Magnificentia
906 778 980 797 vero
1011 772 1108 797 nostra
1132 767 1180 797 vel
1210 766 1347 797 heredes
1377 767 1477 797 nostri
1510 780 1558 805 pro
1589 771 1797 798 christia-nitate
1826 771 1953 798 facienda

306 824 349 850 vel
380 832 429 857 pro
460 822 637 856 suscipienda
667 832 770 848 corona
798 825 906 849 remoto
935 823 1008 849 malo
1037 823 1150 856 ingenio
1182 822 1324 854 retinebit,
1352 832 1421 856 quas
1452 823 1607 857 providerit
1634 823 1803 849 retinendas.
1853 822 1953 848 Cetera

305 884 416 909 quoque
440 875 543 901 ibidem
567 869 712 906 hn.bebit*‚
737 884 790 907 que
814 874 900 900 habet
923 874 952 899 in
976 874 1037 899 aliis
1062 874 1189 907 partibus
1211 874 1290 907 regni
1307 870 1426 901 nostri?
1517 872 1586 910 (10)
1612 875 1651 900 De
1673 874 1797 900 eeclesiis
1814 875 1842 900 et
1859 883 1952 900 mona-

305 927 397 953 steriis
421 929 494 953 terre
518 929 620 959 nostre,
645 928 678 953 dc
702 927 802 961 quibus
826 936 842 953 a
859 927 985 954 Romana
1006 928 1123 954 ecclesia
1145 928 1256 961 questio
1281 930 1358 954 mota
1382 928 1443 959 fuit,
1469 928 1507 954 sie
1524 929 1584 954 fiet:
1610 937 1657 954 vos
1674 928 1785 961 quidem
1803 929 1831 953 et
1848 935 1952 953 sucees-

306 988 381 1006 sores
405 979 490 1005 vestri
514 979 542 1005 in
566 980 605 1005 eis
629 979 778 1011 habebitisy
802 979 877 1012 quod
899 979 1010 1005 habetis
1034 979 1062 1005 in
1079 979 1179 1005 ceteris
1196 979 1328 1011 ecclesiis,
1353 988 1406 1012 que
1431 979 1481 1005 sub
1504 981 1601 1005 nostra
1624 981 1766 1013 potestate
1784 979 1949 1008 consistunt,

307 1040 360 1064 que
385 1031 467 1057 solite
491 1032 556 1056 sunt
579 1031 705 1064 accipere
730 1031 955 1057 consecrationes
979 1040 1026 1057 seu
1050 1031 1259 1057 benedictiones
1283 1039 1299 1056 a
1321 1031 1447 1057 Romana
1471 1031 1596 1063 ecclesia,
1621 1032 1649 1057 et
1669 1030 1778 1057 debitos
1796 1030 1910 1064 insuper
1926 1031 1955 1056 et

261 1095 279 1113 2.
308 1084 430 1109 statutos
455 1078 593 1108 ecclesio
618 1078 764 1108 Romane
794 1091 892 1108 census
921 1083 1074 1108 exsolvent.
1165 1078 1232 1117 (ll)
1261 1082 1390 1109 Profecto
1416 1092 1463 1109 vos
1488 1077 1590 1108 nobis*
1614 1084 1642 1108 et
1670 1082 1818 1108 heredibus
1842 1081 1954 1113 nostris,

554 1129 569 1146 *
594 1134 785 1164 successerint,
815 1129 1020 1159 concessistis
1045 1142 1161 1167 regnum
1186 1133 1287 1165 Sicilie,
1316 1134 1447 1160 ducatum
1472 1134 1572 1168 Apulie
1597 1136 1625 1160 et
1648 1134 1837 1168 principatum
1862 1133 1955 1167 Capue

306 1135 354 1167 qui
378 1134 407 1159 in
430 1143 547 1168 regnum

306 1196 367 1212 cum
395 1186 523 1212 omnibus
554 1185 734 1219 pertinentiis
758 1185 822 1217 suis,
853 1185 985 1211 Mai-siam
1017 1187 1045 1212 et
1075 1185 1131 1211 alia
1161 1195 1214 1218 que
1243 1186 1317 1211 ultra
1341 1186 1472 1212 Marsiam
1502 1186 1634 1212 debemus
1658 1186 1770 1217 habere,
1799 1185 1954 1219 Neapolim,

308 1238 453 1264 Salernum
484 1239 513 1263 et
536 1237 682 1263 Amalfiam
711 1246 772 1263 cum
803 1237 982 1270 pertinentiis
1014 1237 1070 1262 suis
1099 1239 1128 1263 et
1151 1237 1259 1270 reliqua
1288 1237 1452 1269 tenimenta,
1486 1244 1547 1274 que
1579 1233 1687 1264 inclite
1721 1232 1952 1263 recordationis

306 1285 557 1326 predecessores
582 1285 681 1314 nostri
707 1284 815 1314 Sicilie
844 1295 948 1324 reges.
972 1289 1100 1315 homines
1124 1291 1301 1315 sacrosancte
1326 1289 1449 1315 Romane
1474 1289 1599 1321 ecclesie,
1628 1289 1688 1315 iure
1714 1287 1902 1315 tenuerunt:
1927 1290 1956 1314 et

310 1342 407 1367 contra
431 1349 526 1366 omnes
544 1340 669 1365 homines
687 1340 820 1365 iuvabitis
839 1339 989 1365 honorifice
1007 1342 1197 1366 manutenere.
1280 1336 1348 1376 (12)
1373 1341 1424 1366 Pro
1442 1341 1542 1374 quibus
1560 1340 1688 1367 omnibus
1706 1340 1784 1366 vobis
1801 1340 1957 1373 vestrisque

307 1392 514 1419 suecessoribus
538 1394 566 1418 et
589 1393 685 1417 sancte
710 1392 833 1417 Romane
858 1391 972 1418 ecclesie
997 1392 1162 1418 fidelitatem
1186 1392 1339 1418 iuravimus
1363 1394 1391 1418 et
1415 1392 1494 1419 vobis
1518 1392 1616 1426 ligium
1639 1392 1795 1418 hominium
1812 1391 1928 1417 fecimus
1939 1387 1957 1423 ¹,

307 1445 379 1470 sieut
403 1444 563 1470 continetur
587 1444 614 1468 in
639 1443 746 1469 duobus
770 1443 907 1469 similibus
931 1444 1142 1477 (capitularibus,
1167 1453 1284 1477 quorum
1309 1444 1427 1471 alterum
1452 1454 1537 1478 penes
1555 1451 1609 1470 VOS
1632 1444 1725 1478 sigillo
1749 1445 1845 1470 nostro
1862 1452 1956 1475 aureo,

309 1497 427 1522 alterum
453 1504 517 1521 vero
541 1495 633 1529 sigillo
659 1497 751 1521 vestro
776 1496 917 1529 signatum
939 1504 1024 1528 penes
1049 1492 1277 1521 excellentiam
1303 1495 1445 1522 nostram
1473 1497 1600 1522 habetur.
1646 1495 1682 1522 Et
1705 1504 1819 1521 censum
1842 1504 1952 1521 sexcen-

311 1550 400 1574 torum
426 1547 589 1573 scifatorum
613 1547 646 1572 de
671 1547 773 1580 Apulia
797 1549 825 1572 et
849 1547 987 1579 Calabria,
1016 1547 1285 1581 quadringentorum
1310 1557 1375 1573 vero
1400 1548 1433 1574 de
1457 1548 1561 1574 Marsia
1584 1548 1628 1574 vel
1652 1548 1814 1581 equivalens
1838 1547 1867 1573 in
1891 1556 1958 1573 auro

311 1600 354 1626 vel
378 1601 495 1633 argento
520 1607 570 1624 nos
595 1607 626 1624 ac
650 1600 760 1625 nostros
784 1599 899 1625 heredes
924 1599 1047 1625 Romane
1072 1599 1187 1626 ecclesie
1211 1600 1361 1625 statuimus
1385 1599 1466 1625 annis
1490 1599 1608 1633 singulis
1632 1599 1781 1630 soluturos,
1809 1599 1863 1624 nisi
1887 1599 1959 1624 forte

312 1651 542 1685 impedimentum
568 1650 682 1683 aliquod
712 1650 905 1682 intervenerit,
937 1660 992 1684 quo
1023 1653 1149 1677 cessante
1180 1660 1278 1677 census
1302 1660 1335 1677 ex
1360 1652 1469 1685 integro
1494 1651 1677 1685 persolvetur.
1767 1645 1835 1686 (13)
1861 1650 1961 1676 Omnia

310 1712 374 1730 vero
398 1702 533 1736 predicta,
558 1711 611 1734 que
635 1702 715 1727 nobis
739 1702 924 1733 concessistis,
954 1702 1026 1728 sicut
1049 1702 1138 1734 nobis,
1162 1702 1203 1728 ita
1227 1703 1312 1729 etiam
1337 1705 1363 1729 et
1388 1703 1536 1729 heredibus
1561 1702 1664 1728 nostris
1689 1698 1741 1739 qui
1766 1698 1798 1727 in
1823 1708 1957 1737 reguum

312 1750 528 1781 successerint
559 1749 765 1778 concessistis
790 1752 822 1779 et
850 1754 906 1787 qui,
938 1754 1010 1779 sicut
1038 1762 1096 1785 nos,
1126 1754 1205 1780 vobis
1230 1754 1385 1788 vestrisque
1409 1753 1614 1780 successoribus
1638 1755 1666 1779 et
1694 1752 1809 1779 ecclesie
1833 1753 1957 1779 Romane

316 1806 479 1833 fidelitatem
503 1805 593 1830 tacere
618 1806 646 1830 et
669 1813 722 1837 que
746 1805 901 1838 prescripta
926 1807 991 1831 sunt
1015 1805 1155 1831 voluerint
1179 1806 1334 1832 observare.
1424 1800 1494 1842 (14)
1519 1805 1557 1831 Ut
1573 1806 1667 1831 autem
1685 1813 1738 1838 que
1760 1810 1858 1840 supra
1875 1799 1957 1830 dixi-

311 1864 381 1884 mus
412 1859 470 1883 tam
495 1858 587 1882 vestro
618 1864 701 1889 quam
731 1858 887 1882 vestrorum
919 1865 1107 1883 successorum
1139 1859 1264 1891 tempore
1294 1858 1459 1891 perpetuam
1489 1856 1637 1883 obtineant
1668 1856 1829 1882 firmitatem
1857 1857 1886 1882 et
1909 1864 1960 1882 nec

311 1908 414 1935 nostris
438 1916 489 1933 nec
512 1908 671 1933 nostrorum
695 1907 828 1933 heredum
851 1907 1024 1940 temporibus
1049 1907 1166 1933 alicuius
1184 1908 1297 1934 valeant
1321 1908 1531 1942 presumptione
1553 1907 1669 1939 turbari,
1693 1916 1807 1941 presens
1825 1907 1959 1941 scriptum

311 1969 360 1994 per
384 1968 482 1985 manus
507 1953 667 1995 Raynaldi
691 1958 795 1983 notarii
820 1957 851 1984 et
875 1953 980 1984 fidelis
1004 1959 1095 1984 nostri
1119 1959 1201 1984 scribi
1226 1955 1359 1984 fecimus
1385 1961 1413 1985 et
1444 1959 1521 1985 bulla
1544 1967 1629 1985 aurea
1652 1959 1748 1984 nostro
1772 1957 1884 1991 typario
1908 1957 1956 1983 im-

312 2020 408 2046 pressa
431 2010 561 2036 iussimus
586 2005 741 2041 roborari,
777 2016 870 2041 anno.
902 2016 1014 2036 mense
1040 2009 1071 2036 et
1100 2005 1277 2036 indictione
1306 2006 1506 2047 subscriptis,
1536 2005 1622 2035 nullo
1647 2005 1709 2035 alio
1741 2004 1860 2046 scripto
1885 2004 1958 2035 huic

314 2062 423 2089 nostro
448 2057 618 2098 privilegio
644 2057 855 2097 prciudicium
881 2057 1030 2088 faciente.

416 2109 537 2139 Datum
562 2109 593 2138 in
619 2108 748 2139 civitate
775 2108 926 2147 Gravius,
951 2119 1009 2150 per
1034 2120 1146 2140 manus
1170 2109 1321 2140 Riccardi
1345 2109 1425 2149 regii
1450 2109 1629 2147 familiaris,
1654 2108 1710 2139 filii
1732 2107 1855 2139 Mathei
1880 2108 1961 2147 regii

315 2160 510 2197 cancellarii,
539 2159 614 2200 quia
643 2160 713 2200 ipse
739 2160 952 2190 cancellarius
983 2160 1101 2191 absens
1127 2164 1206 2199 erat,
1237 2171 1320 2191 anno
1351 2161 1509 2191 dominice
1534 2160 1764 2191 incarnationis
1789 2159 1960 2190 millesimo

315 2213 492 2243 centesimo
525 2211 737 2251 nonagesimo
770 2211 922 2248 secundo,
954 2222 1064 2242 mense
1097 2212 1192 2249 Iunii,
1226 2211 1351 2243 decime
1380 2212 1576 2249 indictionis,
1607 2212 1699 2252 regni
1733 2221 1807 2241 vero
1840 2210 1960 2241 domini

315 2263 415 2293 nostri
439 2262 599 2292 Taneredi
623 2262 686 2291 Dei
717 2263 821 2302 gratia
850 2263 1012 2303 magnifici
1043 2266 1075 2293 et
1099 2263 1326 2303 gloriosissimi
1357 2263 1442 2304 regis
1469 2263 1589 2299 Sicilie,
1620 2263 1757 2293 ducatus
1781 2262 1900 2302 Apulie
1926 2264 1958 2292 et

316 2314 514 2355 principatus
540 2314 649 2354 Uapuc
675 2324 757 2343 anno
783 2314 887 2350 tertio,
912 2314 1050 2344 feliciter
1074 2325 1179 2349 amen,
1205 2314 1341 2345 ducatus
1366 2318 1474 2345 autem
1492 2314 1627 2355 Rogerii
1653 2313 1742 2344 ducis
1761 2313 1878 2354 Apulie
1904 2312 1959 2342 filii

318 2366 387 2396 eius
414 2375 497 2395 anno
524 2364 675 2402 secunde,
702 2375 857 2405 prospere
884 2376 986 2395 amen.

844 2499 922 2531 418.
955 2500 1207 2533 PROMISSIO
1231 2502 1439 2534 HOMINJI.

421 2559 516 2590 Dedit
545 2560 896 2591 Haillmd-Brelzolles
929 2561 949 2592 l.
970 2571 993 2592 c.
1023 2572 1054 2599 p.
1071 2563 1134 2591 330
1163 2572 1212 2594 ην.
1230 2563 1263 2593 Χ
1291 2574 1305 2593 c
1339 2563 1437 2593 codice
1466 2563 1617 2593 Parisino
1638 2563 1722 2591 6990
1752 2561 1839 2599 (Rot.
1862 2560 1962 2596 XV).

319 2611 532 2642 Summae-mm
563 2612 673 2642 codicis
706 2612 928 2642 Ottobonianac
950 2613 1035 2642 2546
1064 2613 1160 2643 edidit
1183 2613 1328 2644 Martem
1358 2614 1378 2644 l.
1397 2624 1419 2644 c.
1438 2616 1520 2644 1233
1544 2616 1598 2652 (Ξ
1622 2612 1791 2644 Watterich
1812 2612 1858 2648 II,
1877 2613 1962 2648 723).

323 2663 491 2706 Omissiom
521 2663 640 2700 codicis,
672 2674 750 2702 quac
779 2673 832 2693 noc
852 2673 914 2702 per
936 2664 1141 2694 summarium
1164 2665 1334 2704 suppletur,
1365 2665 1399 2695 in
1422 2665 1620 2696 ‹nluotationc
1643 2663 1757 2694 medem·
1780 2663 1963 2693 studuimus.

1683 2714 1736 2754 (P.
1754 2713 1861 2751 deest.)

426 2783 451 2813 1)
470 2782 529 2807 Hoc
547 2781 576 2807 dc
595 2783 656 2815 liyio
675 2782 791 2808 hominio
809 2782 882 2814 facto
901 2783 1048 2809 rinconsulte
1067 2791 1079 2808 c
1093 2783 1229 2816 privilegio
1248 2784 1285 2809 W
1285 2783 1378 2809 alcelmi
1392 2784 1414 2810 I.
1435 2783 1638 2817 {rmzsscriptum
1651 2790 1708 2814 esse,
1728 2784 1838 2807 testatur
1855 2789 1896 2809 nr,
1910 2784 1965 2807 418.

1988 469 1999 486 5

1980 729 2003 746 lo

1981 986 2004 1003 15

1981 1242 2006 1259 20

1983 1498 2006 1516 25

1986 1758 2011 1775 30

1987 2014 2010 2031 ³5

1985 2274 2010 2292 40

1990 2619 2014 2638 45
