2205 3072
335 193 395 221 322
740 189 921 215 Fanffimffl
943 189 959 214 I.
981 189 1304 214 eoNs'rlTU'rloNEs.
1343 190 1415 215 1155,
1452 189 1498 214 Nr.
1514 188 1571 213 227.

337 277 537 317 querimonia
563 281 650 306 mota
668 277 776 307 decisa
793 287 853 306 non
872 276 941 306 fuit.
1031 276 1077 315 (2)
1103 276 1246 306 Tandem
1271 275 1362 305 nobis
1382 275 1564 305 XYormacie
1582 275 1798 309 existentibus
1818 278 1850 304 et
1867 274 1985 304 curiam

339 328 548 369 sollempnem
580 328 835 361 celebrantibus,
866 327 1011 368 predicta
1041 337 1136 357 causa
1165 327 1248 357 inter
1272 327 1426 356 clericosg
1451 330 1482 357 et
1507 326 1629 367 laycos.
1661 326 1791 356 diversa
1816 325 1986 355 hincinde
2021 357 2029 363 ,

340 380 532 411 sencientes.
558 391 663 410 eoram
683 380 774 410 nobis
794 379 848 409 diu
866 379 1020 409 ventilata
1043 383 1106 410 est:
1132 383 1163 408 et
1181 378 1306 419 quesita
1325 378 1485 408 sententia
1502 388 1520 407 a
1539 377 1655 408 clerieo
1674 382 1706 408 et
1724 377 1826 418 layco7
1852 377 1987 407 clericus

342 431 486 461 ultimam
517 431 713 461 voluntatem
747 431 823 461 cleri
854 430 893 461 de
924 431 1020 460 rebus
1057 430 1228 460 mobilibus
1264 434 1363 459 ratam
1395 432 1427 459 et
1458 429 1705 470 irrefragibilem
1736 439 1809 459 esse
1838 428 1986 461 asseruit,

340 493 434 523 quam
460 483 660 513 sentenciam
687 483 786 512 laicus
816 482 944 523 penitus
969 481 1173 511 contradixit.
1224 481 1299 511 l'ost
1331 481 1457 521 longam
1488 481 1595 521 itaque
1621 481 1714 510 huius
1740 490 1837 510 cause
1861 479 1986 520 discep-

342 534 499 564 tacionem
533 539 564 564 et
595 534 749 564 diutinam
781 537 845 563 tam
870 533 1011 574 inplicito
1042 533 1086 563 rei
1118 532 1394 573 ambiguitatemh,
1429 533 1533 562 clerus
1559 543 1600 562 ex
1627 532 1793 562 sanctione
1818 541 1986 562 canonum.

343 597 383 616 cx
408 586 534 626 legibus
560 586 706 616 divorum
731 589 952 625 augustorum.
977 595 1017 614 ex
1042 584 1180 615 decretis
1204 584 1421 614 Romanorum
1448 584 1636 625 pontificum
1663 583 1840 625 predictam
1859 586 1988 613 senten-

346 637 426 667 ciam
453 642 552 667 ratam
580 642 611 667 et
636 637 721 667 nulla
749 637 970 677 refragacione
995 636 1215 667 evacuandam
1242 635 1472 677 comprobavit.

446 688 495 729 (3)
520 689 588 719 Nos
614 689 710 729 igitur
734 689 1002 730 predecessorum
1028 693 1209 718 nostrorum
1235 687 1379 718 divorum
1398 687 1636 728 imperatorum.
1664 687 1769 727 magni
1787 685 1990 717 Constantini

345 740 495 771 videlicet
519 745 551 771 ct
579 741 747 771 Iustiniani
774 748 805 770 ct
823 740 1042 770 Valentiniani
1067 750 1190 770 necnon
1210 739 1320 770 Karoli
1346 743 1377 769 et
1395 738 1561 769 Ludowici
1589 739 1731 779 vestigiis
1755 738 1940 768 inherentes
1959 740 1990 767 et

347 802 454 822 sacras
480 792 569 832 leges
595 803 705 822 eorum
731 797 894 833 tamquam
919 791 1025 822 divina
1051 792 1180 821 oracula
1208 796 1409 823 venerantes,
1438 791 1553 821 imitari
1580 801 1641 820 non
1667 790 1888 820 erubescimus
1907 788 1990 819 Con-

346 843 520 873 stantinum
546 844 774 885 imperatorem
808 843 847 874 de
878 843 1093 874 saerosanctis
1119 843 1266 873 ecelesiis
1298 848 1329 872 et
1355 843 1451 872 rebus
1476 846 1507 872 et
1531 842 1707 883 privilegiis
1734 852 1842 871 eorum
1870 841 1987 871 consti-

347 898 490 925 tuentem
520 905 557 925 ae
589 895 750 926 dicentem
766 896 787 925 ¹:
820 895 960 925 ‘Habeat
984 895 1203 935 unnsquisque
1234 894 1401 924 licenciam
1427 893 1588 924 decedens
1614 894 1766 924 bonorum
1792 893 1873 934 quod
1899 896 1991 934 opta-

347 946 428 976 verit
460 947 657 987 relinquere.
690 951 722 977 et
753 957 814 977 non
846 947 907 977 sint
938 957 1030 977 cassa
1059 947 1187 977 iudicia.
1235 946 1341 976 Nichil
1374 951 1421 976 est
1446 947 1540 977 enim.
1572 946 1655 987 quod
1682 946 1783 986 magis
1809 945 1992 976 hominibus

347 998 513 1035 debeatur,
540 1009 633 1039 quam
659 1003 693 1028 ut
718 1009 868 1040 supreme
894 999 1079 1031 voluntatis,
1105 1002 1275 1039 postquam
1302 999 1364 1028 iam
1390 997 1476 1028 aliud
1494 997 1578 1028 velle
1604 1009 1666 1028 non
1685 1002 1829 1039 possunt,
1853 997 1933 1027 liber
1952 997 1993 1027 sit

349 1050 439 1080 stilus
465 1055 496 1080 ct
520 1050 652 1084 licitum,
679 1050 761 1091 quod
788 1051 901 1080 iterum
928 1061 989 1080 non
1016 1050 1107 1083 rodit,
1133 1049 1321 1080 arbitrium'.

452 1102 500 1142 (A)
524 1101 605 1131 Item
631 1102 880 1132 sacratissimam
906 1102 1010 1142 legem
1028 1102 1248 1132 Valentiniani
1274 1102 1478 1142 imperatoris
1503 1102 1647 1142 1⁷)1·cfecto
1673 1100 1827 1141 pretorioi
1851 1099 1995 1130 Palladio

350 1152 616 1194 conscriptaxnk·2
646 1153 829 1184 recolimus:
863 1154 993 1184 ·Veru1n
1025 1154 1090 1183 sive
1117 1157 1311 1183 testamento
1343 1163 1534 1194 quoeunque
1561 1153 1628 1183 iure,
1654 1153 1738 1182 facto
1763 1162 1820 1183 seu
1845 1151 1993 1182 codicillo

350 1204 399 1235 vel
425 1205 493 1235 sola
517 1205 769 1246 nuncupawione,
794 1206 900 1246 legato
927 1206 993 1236 sive
1018 1205 1278 1235 fideicommisso.
1303 1210 1358 1234 aut
1381 1205 1494 1235 mortis
1519 1215 1617 1235 cansa
1641 1208 1696 1234 aut
1719 1204 1781 1234 alio
1804 1214 1995 1244 quocunque

350 1256 461 1286 ultimo
487 1257 617 1287 arbitrio
643 1260 697 1287 aut
721 1261 807 1287 certe
832 1257 915 1287 inter
934 1257 1080 1287 viventes
1107 1257 1215 1287 habita
1240 1257 1400 1297 largitate.
1427 1257 1493 1286 sive
1519 1260 1684 1286 contractu
1710 1255 1905 1286 vendicionis
1929 1255 1995 1285 sive
2024 1263 2035 1279 ·-’

350 1308 548 1341 donacionis,
574 1313 628 1338 aut
653 1309 715 1339 alio
734 1320 921 1350 quoeunque
941 1310 1052 1350 tytulo.
1080 1309 1214 1350 quisque
1233 1309 1271 1339 ad
1292 1309 1449 1349 prefatam
1470 1307 1686 1338 venerabilem
1707 1308 1879 1338 ecclesiam
1899 1307 1996 1348 patri-

353 1361 493 1390 monium
520 1371 610 1390 suum
636 1365 800 1401 partemve
827 1366 946 1391 certam
973 1362 1156 1402 patrimonii
1182 1362 1211 1391 in
1238 1361 1354 1393 fundis,
1380 1360 1500 1402 prediis
1527 1371 1583 1390 seu
1610 1360 1757 1390 domibus
1785 1360 1834 1390 vel
1853 1360 1998 1395 annonis,

353 1412 522 1453 mancipiis
562 1413 609 1442 vcl
648 1413 770 1443 colonis
804 1412 992 1454 eorumquel
1032 1413 1166 1454 peculiis
1202 1413 1366 1443 voluerit¹¹¹
1402 1412 1580 1453 pertinere:
1620 1413 1812 1442 inconcussa
1843 1411 1911 1442 sinc
1936 1411 2000 1441 ulla

357 1464 483 1504 penitus
509 1464 736 1494 5111nmt=wiono
762 1463 1036 1495 conserventur'fl.

457 1517 502 1554 (5)
529 1515 601 1545 Hiis
627 1516 725 1546 saeris
753 1516 876 1557 legibus
900 1520 931 1546 et
955 1515 1065 1546 Karoli
1092 1520 1124 1546 ct
1148 1515 1290 1548 Lodoici.
1315 1514 1430 1556 quibus
1456 1526 1513 1556 par
1538 1515 1621 1545 circa
1647 1515 1768 1545 cultum
1794 1514 1900 1545 divine
1925 1514 1999 1544 reli-
2027 1519 2044 1537 '2-

354 1568 456 1607 gionis
481 1572 513 1598 et
537 1568 696 1598 catlnzdice
714 1567 787 1598 fidei
806 1567 945 1597 studium
964 1568 1032 1597 fuit.
1060 1567 1319 1597 institucionibus
1338 1566 1453 1597 eruditi
1476 1567 1685 1597 sentenciam.
1712 1566 1907 1605 venerabilis
1926 1565 2001 1596 cleri

356 1618 609 1649 'wormaciensis
644 1620 782 1649 ecclesie
813 1619 981 1650 decedenti
1012 1619 1168 1649 bonorum
1200 1629 1329 1648 suorum
1368 1618 1533 1648 mobilium
1564 1618 1649 1659 quod
1678 1618 1838 1659 optaverit
1869 1617 2003 1648 cuilibet

355 1671 493 1701 ecclesie
519 1681 575 1701 seu
601 1681 736 1712 persone
761 1672 791 1701 in
817 1672 930 1701 ultima
955 1672 1117 1701 voluntate
1143 1671 1323 1712 relinquere
1349 1676 1403 1701 aut
1425 1681 1481 1712 pro
1507 1671 1648 1701 remedio
1667 1671 1771 1700 anime
1791 1680 1846 1700 suc
1873 1669 1922 1700 vel
1939 1668 2002 1699 alio

356 1723 468 1763 quovis
495 1727 643 1763 respectu
675 1723 817 1753 tribuere
851 1728 882 1754 ct
911 1726 1151 1754 testamentum‘
1173 1724 1278 1753 facere
1304 1723 1362 1753 snb
1387 1723 1570 1752 testimonio
1596 1722 1744 1752 adminus
1770 1721 1904 1752 duorum
1929 1731 2003 1751 con-

357 1775 489 1804 fratrum
516 1784 643 1804 suornm
670 1793 707 1796 —
735 1785 811 1805 sane
838 1775 909 1805 huic
934 1775 1073 1805 libertati
1101 1780 1312 1816 perpetuam⁰
1337 1774 1506 1805 tribuimus
1530 1775 1724 1804 firmitatem.

461 1826 507 1865 (6)
533 1825 573 1855 Et
598 1837 636 1855 ne.
663 1826 720 1856 hec
746 1830 853 1856 nostre
878 1827 1111 1867 perhennitatis
1137 1830 1257 1856 statuta
1287 1826 1402 1856 audaci
1431 1826 1542 1867 spiritu
1566 1830 1597 1855 et
1615 1830 1721 1856 mente
1740 1825 1900 1865 sacrilega
1917 1824 2003 1865 quis-

358 1889 451 1919 quam
478 1878 641 1908 hominum
668 1877 854 1908 temeranda
872 1878 1076 1912 credideritl',
1102 1883 1285 1919 presentem
1306 1878 1378 1908 inde
1397 1879 1545 1919 paginam
1565 1877 1723 1908 conscribi
1742 1881 1773 1908 et
1791 1877 1886 1918 sigilli
1905 1876 2005 1907 nostri

360 1931 567 1972 impressione
593 1930 736 1969 insigniri
760 1930 920 1960 iussimus.
946 1941 1029 1971 pena
1046 1931 1133 1961 mille
1151 1930 1301 1960 librarum
1320 1930 1388 1960 auri
1407 1934 1437 1960 ct
1455 1929 1550 1960 banni
1576 1929 1673 1960 nostri
1697 1929 1791 1959 huius
1815 1939 1905 1959 sacre
1924 1928 2005 1969 legis

360 1983 548 2012 violatorem
576 1981 862 2022 condempnantes.
888 1981 1041 2011 adhibitis
1065 1981 1200 2022 ydoneis
1225 1982 1363 2012 testibus
1389 1992 1522 2022 quorum
1548 1981 1678 2011 nomina
1704 1981 1761 2011 hee
1783 1984 1870 2010 sunt:
1898 1980 2003 2010 Cuon-

360 2034 454 2064 radus
485 2034 666 2074 episcopus.
705 2032 839 2062 Sifridus
873 2034 1054 2074 prepositus
1090 2033 1128 2063 de
1160 2033 1270 2063 domo.
1308 2033 1470 2063 Henricus
1501 2033 1654 2064 decanus,
1690 2032 1852 2063 Ilenricus
1884 2036 2004 2065 cantor.

364 2085 489 2115 Ulrieus
527 2085 681 2123 magister
717 2085 886 2117 scolarum,
922 2085 1078 2115 Albertus
1117 2089 1235 2116 custos.
1274 2084 1442 2115 Conradus
1483 2084 1521 2114 ‹le
1557 2084 1776 2114 Nuenhusen¹¹
1813 2083 2007 2124 prepositus,

364 2137 495 2167 limieho
520 2137 704 2177 prepositus
732 2136 840 2166 Sancti
867 2136 968 2173 Pauli,
1003 2136 1170 2167 Com-adas
1204 2137 1386 2178 prepositus
1412 2136 1521 2167 Sancti
1547 2136 1686 2169 Andree,
1717 2135 1865 2177 Syfridus
1889 2145 2005 2176 prepo-

362 2189 442 2219 situs
469 2188 578 2218 Saneti
598 2188 739 2222 Martini,
765 2187 971 2218 Hei-mannus
997 2188 1098 2218 abbas
1117 2188 1298 2219 Fuldensis.
1325 2188 1452 2218 Ulrieus
1475 2187 1539 2218 dux
1563 2188 1767 2221 Boemorum,
1794 2185 2007 2227 Marquardus

362 2240 401 2270 de
428 2239 590 2272 Grunbac,
621 2242 742 2280 Symon
768 2250 874 2269 comes
903 2239 942 2270 de
969 2240 1208 2281 Sarebruggmr
1241 2239 1376 2270 Emicho
1410 2250 1517 2270 comcs
1542 2239 1581 2269 de
1606 2239 1785 2280 Lyningcn,
1817 2238 1943 2269 Ulrieus
1968 2237 2007 2269 de

366 2292 564 2331 llorningcn.
594 2291 763 2321 Folmarus
788 2302 895 2321 comcs
920 2291 959 2321 de
986 2291 1185 2324 Sarewerde,
1219 2291 1405 2321 Gotet'ridus
1431 2301 1539 2321 comes
1565 2290 1603 2321 de
1629 2290 1815 2332 Sponheim,
1840 2289 2007 2320 walterus

364 2343 402 2373 ‹le
430 2342 532 2375 Iluse,
558 2342 754 2372 Bertholdus
780 2342 818 2372 de
845 2342 1063 2377 Scouenburc,
1091 2342 1292 2372 Wernherus
1317 2342 1355 2372 dc
1382 2342 1580 2374 Bonelande,
1607 2342 1754 2383 Syfridus
1781 2341 2009 2376 vicedominus

368 2393 569 2424 ssorchardus
595 2395 693 2423 frater
718 2393 796 2424 eius.
815 2393 1017 2424 wernherus
1043 2394 1263 2424 theolonarins
1289 2399 1319 2424 ct
1339 2393 1541 2424 Gislebertus
1565 2394 1664 2423 frater
1689 2394 1769 2427 cius,
1795 2393 1952 2423 Gerlacus
1978 2397 2010 2422 et

365 2446 486 2476 llikezo
506 2446 674 2477 scultetus,
700 2444 794 2475 Dudo
814 2450 845 2475 et
862 2445 978 2475 fratres
997 2446 1065 2475 eins
1084 2445 1274 2475 lx'umandus
1293 2450 1323 2475 ct
1343 2445 1579 2477 Wiclnnindus,
1599 2444 1756 2485 Syfridus,
1778 2443 2008 2474 wichnandus.

468 2497 537 2538 Ego
572 2496 734 2527 Henricus
765 2497 941 2537 imperialis
966 2497 1039 2527 aulc
1074 2497 1333 2538 protlmnotarius
1360 2497 1429 2527 vice
1455 2496 1605 2527 Cristiani
1631 2496 1888 2537 Moguntinensis
1915 2495 2011 2526 electi

366 2556 396 2581 ct
422 2548 695 2580 archicancellarii
721 2549 905 2588 recognovi.

1454 2596 1472 2605 s

468 2643 531 2668 2⁸27.
562 2648 586 2667 14)
606 2644 686 2667 cleros
706 2644 757 2667 νυνί.
868 2642 891 2672 l¹)
911 2644 1077 2675 ambiguitate
1110 2644 1164 2667 rud.
1272 2649 1285 2660 ¹¹
1313 2653 1374 2675 pape
1399 2644 1522 2667 [somn-ius
1546 2643 1587 2674 '1¹¹2
1610 2642 1673 2672 δι’-’Λα
1700 2651 1750 2674 p-p-
1773 2642 1847 2672 sulse
1872 2641 2011 2672 fflfllt’t'ffl'lt-

366 2688 393 2721 k*
410 2686 524 2720 conscrip
545 2688 598 2711 ced.
689 2686 705 2717 ¹)
726 2696 811 2711 corum
832 2688 886 2711 cml.
975 2687 1006 2712 ΠΙ)
1029 2687 1155 2710 voluerint
1175 2687 1228 2711 roll,
1318 2691 1341 2706 ¹¹¹
1360 2693 1508 2711 conservent
1531 2686 1591 2709 stud.
1613 2685 1673 2708 lust.
1746 2686 1769 2709 ¹¹)
1791 2688 1938 2716 perpetuum
1958 2683 2012 2708 cod.

367 2737 389 2758 1¹)
410 2732 515 2755 credidit
534 2731 588 2754 «ml,
677 2730 701 2757 'll
722 2731 847 2755 lliseliusc
867 2732 929 2756 κοιλ,
949 2731 1089 2755 emendae-[t
1111 2730 1225 2754 la'iiliuicr.

474 2808 496 2839 1)
518 2807 539 2831 I.
562 2806 621 2832 Coss.
644 2806 685 2838 ΙΙ,
703 2812 719 2832 l.
808 2808 834 2833 2)
856 2806 879 2831 I.
901 2806 963 2831 (fad.
985 2806 1024 2838 ΙΙ,
1044 2810 1068 2831 14
1087 2814 1146 2831 cum
1165 2805 1337 2838 rinscriptlonc
1356 2808 1427 2831 0213.

2019 747 2042 765 lo

2023 1004 2044 1021 15

2032 1781 2056 1799 ³⁰

2033 2042 2057 2059 35

2036 2298 2060 2317 40

2040 2560 2063 2577 45
