2205 3072
132 751 154 768 lo

131 1270 155 1287 2¹0

592 190 775 216 FRIDERICI
794 191 814 216 Ι.
835 190 1158 216 CONSTITUTIONES.
1198 191 1270 216 1162.
1308 190 1355 216 ΝΥ.
1369 191 1427 216 205.
1765 193 1825 222 285

181 280 319 308 castrum
343 277 458 307 Portus
480 277 618 308 Ueneris
642 287 703 307 non
730 276 805 306 dent
830 277 868 313 ei,
894 280 926 306 et
949 280 1024 307 tunc
1049 276 1100 307 vel
1119 277 1144 306 si
1162 280 1235 307 ante
1254 277 1374 317 ceperit
1391 276 1482 311 illud,
1508 277 1576 318 ipse
1593 276 1683 307 dabit
1700 277 1826 307 Pisanis

181 328 257 359 illud
283 332 423 359 castrum
449 328 660 369 disbrigatum
686 339 755 359 cum
781 338 837 358 suo
856 328 923 358 iure
942 331 973 358 et
991 327 1184 369 pertinentia
1203 328 1233 357 in
1256 327 1385 357 feodum
1405 332 1436 358 et
1453 339 1509 369 per
1526 333 1714 370 preceptum
1735 338 1825 358 suum

182 380 392 411 confirmabit.
440 379 480 410 Et
497 380 579 410 VIII
597 380 712 411 diebus
730 384 901 420 antequam
921 380 1083 409 exercitus
1103 379 1293 409 pisanorum
1317 390 1389 410 esse
1407 380 1526 410 debeat
1551 380 1589 410 ad
1615 380 1826 416 obsidionem,

182 432 251 473 ipse
277 432 337 462 erit
361 431 400 462 ad
425 431 623 462 obsidionem
640 431 750 469 Ianue,
776 436 807 461 et
831 434 942 472 postea
964 431 1067 460 vivam
1085 441 1234 471 guerram
1255 430 1351 461 faciet
1367 431 1591 462 Ianuensibus.
1632 431 1673 461 Et
1690 431 1826 462 Pisanos

182 488 214 514 et
246 494 354 514 eorum
386 494 436 514 res
466 486 498 513 et
526 494 635 513 eorum
668 487 772 513 ostem
803 482 941 512 salvabit
973 486 1005 512 et
1035 493 1089 512 eos
1115 492 1178 512 non
1204 481 1415 523 derelinquet,
1447 483 1505 513 nisi
1531 484 1612 513 iusto
1637 483 1699 513 Dei
1724 484 1826 524 impe-

182 535 322 565 dimento
348 535 548 570 remanserit,
575 535 642 565 sine
668 534 778 565 fraude
801 538 833 564 et
850 534 933 564 malo
951 534 1091 574 ingenio.
1132 533 1174 563 Et
1192 534 1289 564 faciet
1306 534 1410 564 iurare
1430 535 1630 565 marchiones
1646 535 1684 565 de
1702 534 1825 564 Monte-

181 586 300 616 ferrato
325 589 356 616 et
380 586 418 616 de
445 586 526 616 Gaui
553 590 585 617 et
609 586 647 616 de
674 586 789 616 Wasto
815 590 847 616 et
870 586 1072 616 marchiones
1097 585 1136 615 de
1163 585 1270 615 Busco
1295 590 1327 615 et
1351 585 1528 627 Opizonem
1554 586 1768 628 Malaspinam
1795 590 1827 617 et

182 638 315 668 comites
347 637 385 668 de
411 637 569 671 Lauania,
602 648 682 679 quos
713 638 830 679 poterit
860 638 929 667 sine
961 637 1087 668 fraude.
1119 642 1152 667 ut
1177 637 1286 667 Pisani
1318 637 1380 667 sint
1411 638 1515 667 securi
1541 639 1571 668 in
1597 649 1707 668 eorum
1732 638 1828 668 fortia

183 700 252 719 eum
278 689 342 719 suis
368 689 480 719 rebus:
515 693 546 720 et
571 690 594 719 si
620 689 798 720 Ianuenses
824 689 958 719 fecerint
982 689 1112 719 Pisanis
1138 699 1287 729 guerram
1320 689 1428 729 aliqua
1454 690 1623 720 occasione
1648 700 1688 720 ex
1714 700 1825 731 supra-

183 740 293 777 dietis,
323 740 407 782 quod
438 741 512 771 inde
544 751 599 771 eos
631 740 829 770 adiuvahunt
860 751 960 781 usque
989 740 1029 770 ad
1060 751 1172 781 pacem
1206 740 1324 770 saetam
1348 745 1380 770 et
1405 741 1508 771 vivam
1534 752 1681 781 guerram
1708 741 1827 771 facient

181 792 405 824 lanuensibus.
459 792 500 822 Et
531 793 555 822 si
586 793 760 833 imperator
789 792 923 822 lanuam
956 793 1077 833 ceperit
1108 793 1157 822 vel
1194 793 1262 822 sine
1293 792 1481 823 condicione
1516 804 1549 823 se
1582 793 1756 823 reddiderit
1787 794 1825 828 ei,

182 844 297 874 Portus
328 843 468 874 Ueneris
502 848 638 874 castrum
671 843 881 884 disbrigatum
907 844 1033 873 Pisanis
1060 844 1088 873 in
1123 844 1249 874 feodum
1282 843 1379 876 dabit,
1414 849 1448 874 ut
1480 844 1599 874 dietum
1631 849 1689 876 est.
1736 844 1777 874 Et
1802 845 1826 874 si

182 896 375 936 contingerit
405 906 474 925 eam
501 895 636 931 destrui,
666 896 810 925 homiues
836 895 875 926 de
902 896 1012 927 lanua.
1042 897 1094 936 qui
1127 895 1168 925 ibi
1196 907 1250 937 pro
1277 896 1453 926 habitantia
1481 897 1696 927 remanseriut
1721 897 1770 927 vel
1796 898 1827 926 in

181 948 249 977 eius
274 947 420 977 districtu
447 948 535 977 iuxta
561 948 732 985 marinam,
757 954 787 977 et
813 948 901 979 alios.
927 949 978 988 qui
1007 948 1035 977 iu
1061 948 1174 977 castris
1200 952 1231 977 et
1256 948 1337 977 villis
1364 949 1452 978 iuxta
1477 949 1631 978 marinam
1659 959 1714 989 pro
1737 948 1825 978 habi—

145 1013 153 1028 ν,
183 999 282 1029 tantia
307 999 425 1028 fuerint
450 1009 551 1039 usque
577 998 615 1028 ad
642 998 771 1028 Portum
799 998 943 1032 Ueneris,
979 999 1102 1028 l’isanis
1133 999 1236 1028 iurare
1267 1004 1359 1039 roget
1385 999 1422 1029 ad
1449 1004 1551 1029 ostem
1577 1004 1608 1029 et
1633 1000 1826 1030 adiutorium

181 1056 213 1081 et
239 1061 389 1091 guerram
416 1061 536 1087 eorum,
569 1056 600 1080 et
625 1062 686 1080 nou
713 1050 847 1080 reddere
872 1051 990 1080 malum
1018 1051 1165 1080 meritum
1191 1050 1247 1081 eis,
1278 1051 1374 1080 etiam
1400 1051 1424 1080 si
1452 1051 1652 1081 solummodo
1678 1062 1826 1092 guerram

184 1102 233 1132 vel
259 1106 360 1132 ostem
387 1113 426 1132 ex
452 1107 603 1143 precepto
629 1102 748 1132 domini
774 1102 977 1143 imperatoris
1003 1101 1110 1131 l‘isaui
1136 1101 1292 1132 fecerint'.

285 1154 330 1193 (9)
357 1153 409 1184 IIii
443 1165 518 1183 vero
556 1158 628 1184 sunt
661 1154 713 1194 qui
745 1153 805 1183 hoe
838 1158 1075 1183 sas-ramentum
1107 1155 1267 1183 fecerunt:
1301 1153 1448 1183 dominus
1475 1154 1645 1185 Cunradus
1677 1155 1828 1186 videlicet

183 1206 316 1236 illustris
343 1206 504 1246 palatinus
531 1217 638 1235 eomes
664 1205 780 1237 Rheni,
806 1205 975 1235 ({)‹lalricus
1002 1205 1077 1235 dux⁴
1104 1205 1316 1235 (Viebehardus
1343 1217 1451 1235 comes
1477 1207 1515 1236 de
1535 1206 1771 1248 Luggenberge
1797 1212 1828 1238 et

183 1258 281 1287 frater
306 1257 373 1287 eius
399 1268 506 1287 eomes
533 1257 757 1298 Marquardus,
782 1257 990 1287 Burekardus
1015 1258 1054 1287 ‹le
1082 1257 1313 1288 llaseubure¹¹¹.

284 1312 352 1347 (lo)
384 1309 477 1339 Hoc¹¹
508 1315 558 1339 est
592 1310 819 1341 iuramentum,
855 1309 937 1349 quod
969 1309 1163 1339 Lambertus
1196 1310 1305 1339 consul
1338 1309 1526 1340 Pisanorum
1559 1311 1647 1342 fes-it.
1680 1315 1712 1341 et
1742 1311 1825 1351 quod

182 1362 301 1391 facient
326 1372 436 1391 omnes
462 1361 611 1391 eonsules
638 1361 745 1391 Pisani
771 1367 801 1391 et
827 1361 1160 1391 commune-‹·ivitatis
1186 1361 1313 1391 domiuo
1339 1361 1505 1391 Friderieo
1524 1362 1743 1392 Romanorum
1769 1363 1826 1392 im-

182 1413 331 1453 peratori,
358 1413 481 1443 seilicet
506 1413 664 1442 eonsules.
694 1412 886 1453 quicumque
912 1412 1005 1442 modo
1030 1418 1112 1448 sunt,
1138 1417 1170 1443 ct
1194 1413 1301 1449 futuri,
1327 1414 1520 1454 quicumque
1539 1414 1578 1444 de
1597 1420 1705 1444 cetero
1724 1418 1828 1449 erunt,

183 1465 301 1495 debent
326 1465 445 1494 facere:
490 1465 536 1494 ·lu
567 1465 694 1494 nomine
720 1464 860 1497 Domini,
885 1476 987 1495 amen.
1035 1464 1103 1504 Ego
1131 1464 1322 1495 Lambertus
1349 1467 1460 1496 consul
1484 1467 1569 1502 iuro,
1595 1466 1677 1507 quod
1703 1467 1742 1496 ab
1769 1466 1829 1496 hac

131 1531 153 1548 ‚15
184 1516 260 1546 hora
292 1517 422 1546 inantea
452 1516 554 1546 fidelis
580 1526 633 1546 ero
660 1516 785 1546 domino
811 1516 976 1546 Fri‹leri‹·o
1003 1516 1220 1547 Romanorum
1249 1518 1434 1558 imperatori
1461 1519 1541 1548 sicut
1565 1518 1604 1548 de
1635 1519 1703 1548 iure
1725 1518 1828 1548 debeo

131 1787 154 1805 :iu

132 2308 157 2324 40

134 2565 158 2582 45

135 2832 160 2850 50

183 1568 309 1598 domiuo
335 1572 366 1597 et
390 1568 576 1608 imperatori
602 1578 688 1598 meo.
722 1573 753 1598 et
779 1579 839 1598 non
866 1579 920 1598 ero
947 1569 975 1598 iu
1003 1570 1087 1598 fat-to
1114 1569 1163 1598 vel
1190 1569 1337 1602 consilio,
1367 1569 1449 1610 quod
1475 1569 1589 1610 perdat
1614 1570 1711 1600 vitam
1737 1581 1827 1600 suam

183 1619 232 1649 vel
257 1619 401 1649 membra
431 1619 479 1649 vel
512 1619 679 1660 imperium
708 1620 757 1650 vel
789 1620 941 1650 honorem
968 1631 1069 1650 suum.
1101 1627 1131 1650 et
1158 1621 1273 1650 iuvabo
1299 1631 1370 1650 eum
1396 1622 1537 1651 retinere
1562 1632 1712 1651 coronam
1740 1633 1829 1653 suam

182 1675 213 1701 et
243 1671 410 1712 imperium
443 1675 473 1700 et
508 1670 678 1705 honorem,
710 1681 771 1711 quo
806 1672 933 1712 navigio
965 1673 1009 1702 ire
1042 1676 1167 1713 potero,
1201 1677 1233 1702 et
1263 1673 1292 1702 iu
1327 1673 1389 1702 illis
1416 1673 1507 1703 terris
1541 1684 1602 1714 que
1636 1678 1709 1704 sunt
1739 1674 1828 1703 iuxta

182 1723 346 1755 marinam,
373 1727 405 1752 et
430 1723 617 1753 nominatim
644 1724 807 1754 civitatem
834 1724 985 1754 Pisanam
1012 1735 1082 1754 eum
1109 1725 1261 1754 comitatu
1288 1735 1344 1754 suo
1368 1730 1399 1754 et
1424 1725 1571 1755 districtu
1589 1730 1701 1755 eontra
1719 1736 1830 1755 omnes

182 1775 344 1805 homines:
371 1778 403 1804 et
428 1775 452 1804 si
478 1774 664 1816 perdiderit.
692 1775 809 1805 iuvabo
836 1787 906 1806 eum
934 1786 1128 1817 recuperare
1155 1776 1237 1806 bona
1262 1776 1333 1806 fide.
1382 1776 1423 1806 Et
1448 1777 1526 1812 iuro,
1551 1777 1634 1817 quod
1661 1788 1830 1807 commune

181 1826 371 1857 Pisanorum
398 1827 494 1856 faciet
520 1830 622 1857 ostem
648 1830 680 1857 et
698 1827 942 1868 expedicionem
962 1838 1017 1868 per
1036 1838 1122 1858 mare
1142 1839 1211 1858 eum
1233 1839 1291 1858 sua
1309 1828 1413 1858 fortia.
1440 1832 1608 1869 postquam
1627 1829 1830 1869 imperatoris

182 1879 343 1908 exercitus
369 1878 500 1908 intrabit
526 1878 674 1920 Apuliam
702 1886 733 1908 et
758 1879 900 1909 movebit
925 1890 982 1920 per
1008 1879 1077 1909 illos
1103 1881 1269 1912 terminos,
1295 1880 1347 1920 qui
1366 1886 1439 1909 sunt
1457 1881 1487 1909 in
1507 1881 1626 1920 scripto
1644 1881 1728 1910 facto
1748 1880 1831 1910 inter

181 1929 319 1960 Pisanos
338 1934 369 1960 et
387 1931 624 1971 imperatorem.
651 1936 681 1960 et
702 1931 758 1960 ibit
776 1931 816 1961 ad
835 1932 1011 1961 exereitum
1032 1931 1246 1972 imperatoris.
1273 1931 1462 1972 quantocius
1481 1932 1607 1972 poterit.
1633 1933 1700 1962 sine
1718 1931 1830 1962 fraude

184 1986 215 2012 et
241 1982 323 2012 malo
350 1983 495 2022 ingenio,
525 1989 556 2012 et
580 1982 701 2012 iuvabit
725 1982 886 2012 dominum
913 1983 1139 2023 imperatorem
1166 1984 1371 2024 conquistare
1399 1983 1541 2013 Siciliam
1569 1988 1601 2014 et
1626 1983 1775 2024 Apuliam
1802 1986 1833 2013 et

146 2054 156 2063 0
186 2033 368 2063 Calabriam
401 2037 431 2063 et
465 2033 676 2074 principatum
704 2033 822 2074 Capue,
855 2044 916 2074 quo
950 2044 1007 2063 suo
1042 2035 1157 2075 poterit
1190 2035 1315 2075 navigio
1349 2039 1380 2065 et
1414 2036 1443 2065 in
1469 2035 1532 2065 illis
1558 2036 1650 2065 terris
1676 2046 1734 2076 que
1760 2038 1833 2064 sunt

182 2085 273 2116 iuxta
299 2085 464 2115 marinam.
512 2084 552 2115 Et
578 2085 602 2115 si
628 2085 785 2126 acquisita
817 2085 913 2115 fuerit
939 2085 1045 2115 Sicilia
1079 2086 1128 2115 vel
1155 2087 1275 2127 Apulia
1307 2087 1356 2116 vel
1383 2087 1532 2117 Calabria
1561 2087 1609 2116 vel
1634 2087 1832 2128 principatus

183 2136 301 2177 Capue.
336 2136 491 2166 iuvabunt
522 2136 631 2167 Pisani
669 2147 739 2166 euni
777 2139 932 2171 retinere,
967 2145 998 2167 et
1029 2139 1054 2167 si
1084 2138 1268 2178 perdiderit,
1307 2149 1499 2180 recuperare
1529 2139 1611 2169 bona
1636 2138 1698 2168 fide
1724 2143 1834 2167 contra

183 2199 292 2218 omues
327 2187 469 2218 homines
505 2192 537 2217 et
572 2188 761 2218 nominatim
793 2193 903 2218 contra
936 2189 1168 2219 Guilielmum0
1205 2190 1348 2220 Siculum
1381 2196 1411 2220 et
1445 2192 1512 2220 eius·
1547 2200 1751 2220 successores
1783 2189 1832 2219 vel

184 2250 432 2281 quemcumque.
466 2240 516 2279 qui
548 2239 686 2279 aliquam
718 2239 828 2270 harum
862 2246 1018 2271 terrarum
1050 2241 1221 2282 occupabit
1258 2242 1307 2271 vel
1341 2243 1461 2272 tenebit
1493 2246 1604 2272 contra
1636 2242 1832 2271 voluntatem

185 2291 302 2322 domiui
328 2291 548 2332 imperatoris:
574 2295 606 2321 et
631 2292 734 2321 vivam
761 2303 908 2332 guerram
935 2293 1054 2323 t'aeient
1079 2298 1110 2323 et
1136 2304 1197 2323 non
1225 2294 1343 2323 facient
1361 2294 1456 2323 finem
1476 2304 1579 2334 neque
1599 2302 1710 2334 pacem
1729 2302 1833 2332 neque

184 2347 329 2384 treugam
355 2354 459 2384 neque
492 2353 640 2383 guerram
674 2344 876 2374 recredutam
911 2355 981 2374 cum
1007 2345 1120 2375 eodem
1147 2345 1334 2375 Willelmop
1360 2346 1468 2375 Siculo
1496 2346 1542 2375 vel
1568 2346 1638 2375 eius
1665 2354 1833 2375 successo-

184 2395 270 2425 ribus
296 2396 345 2425 vel
379 2406 448 2425 cum
480 2395 587 2435 aliquo
619 2399 747 2426 tenente
778 2397 917 2437 aliquam
943 2397 1200 2438 supradictarum
1231 2402 1390 2428 terrarum
1416 2402 1526 2427 eontra
1552 2397 1748 2426 voluntatem
1776 2396 1831 2425 im-

184 2447 342 2488 peratoris
367 2451 398 2477 et
423 2446 546 2487 absque
573 2447 641 2476 eius
668 2446 830 2487 parabola.
879 2447 919 2477 Et
944 2448 1022 2479 iuro.
1048 2448 1131 2489 quod
1157 2449 1271 2478 faciam
1299 2450 1403 2479 iurare
1421 2448 1558 2479 Pisanos
1584 2448 1712 2489 propria
1739 2457 1834 2477 manu

185 2499 243 2529 hoc
276 2504 511 2529 sacramentum
543 2498 708 2528 fidelitatis
743 2503 774 2529 et
809 2501 909 2540 pacti,
943 2500 1119 2530 secuudum
1153 2500 1236 2541 quod
1267 2501 1416 2530 consules
1449 2501 1593 2530 consueti
1629 2504 1703 2529 sunt
1728 2500 1834 2529 faeere

186 2551 292 2581 iurare
318 2550 470 2591 populum
496 2550 555 2580 sub
581 2551 760 2584 consulatu,
797 2555 829 2581 et
853 2551 936 2592 quod
963 2552 1117 2582 iuvabunt
1142 2563 1214 2582 eum
1241 2553 1395 2587 retinere,
1422 2556 1453 2582 et
1479 2553 1505 2582 si
1532 2551 1718 2592 [mi-diderit,
1744 2561 1835 2581 recu-

187 2612 300 2642 perare
337 2606 436 2631 totam
475 2602 628 2632 marinam
661 2602 700 2632 ab
727 2603 880 2633 Arelata‘1
911 2614 1012 2644 usque
1044 2603 1082 2633 ad
1114 2603 1255 2633 Montem
1283 2604 1392 2633 Sancti
1419 2603 1545 2644 Angeli.
1600 2602 1641 2632 Et
1665 2606 1835 2643 postquam

187 2654 351 2684 exercitus
378 2653 565 2683 Pisanorum
591 2665 625 2683 se
651 2655 785 2684 moverit
809 2654 849 2684 ad
875 2659 978 2684 ostem
1004 2660 1036 2685 et
1061 2655 1312 2696 expeditionem.
1339 2666 1401 2685 non
1427 2655 1630 2694 derelinquet
1656 2654 1835 2684 exereitum

187 2705 401 2746 imperatoris,
434 2705 494 2734 nisi
529 2705 646 2734 iustum
670 2705 730 2735 Dei
763 2705 1028 2746 impedimentum
1055 2707 1288 2737 intercesserit.
1337 2706 1377 2736 Et
1411 2707 1497 2739 iuro,
1534 2705 1616 2746 quod
1642 2706 1834 2746 quicumque

290 2781 354 2807 ⁸205.
380 2783 412 2811 ω)
435 2782 542 2813 posthac
570 2783 636 2805 duae
665 2784 746 2807 lineae
772 2792 867 2807 'saeuae‘
891 2784 915 2806 ῐιι
941 2794 977 2807 or.
1084 2789 1107 2809 Π)
1129 2785 1211 2807 limera
1233 2785 1255 2808 H
1279 2793 1420 2815 lmrmu'qua
1446 2784 1470 2805 1'11
1491 2792 1527 2806 ω’.
1634 2787 1656 2806 0)
1677 2782 1778 2806 Gnillm
1799 2793 1836 2807 or.

188 2830 212 2851 Ρ)
234 2825 317 2849 Willn
336 2836 372 2850 or.
461 2827 485 2856 (4)
506 2827 540 2849 sic·
559 2835 594 2849 (ηπ
