2205 3072
354 163 419 212 458,
761 178 941 205 FRIDERICI
961 179 979 205 1.
999 177 1320 205 CONSTITUTIONES.
1359 177 1432 202 1188.
1469 176 1515 202 Nr.
1530 177 1588 202 320.

354 267 429 297 lium
454 270 486 297 et
509 266 633 307 imperii
658 268 831 306 cognoscat
854 265 1058 303 universitas,
1083 265 1123 296 de
1148 265 1352 306 beneplacito
1377 267 1410 294 et
1434 263 1590 294 immobili
1607 263 1772 306 voluntate
1797 265 1908 293 nostra
1931 262 1992 293 hoc

355 329 438 356 esse7
463 321 498 348 ut
520 318 635 348 fratres
661 316 877 347 Goslariensis
901 317 1034 354 ecclesie
1057 317 1090 347 in
1114 327 1153 347 ea
1176 316 1325 347 libertate
1351 318 1384 346 et
1407 314 1528 346 honore
1552 317 1775 356 permaneant.
1800 314 1885 355 quod
1903 314 1991 345 vido-

351 369 429 400 licet
457 369 489 399 in
517 368 663 399 domibus
688 378 799 399 corum
827 370 858 398 et
882 368 1026 398 curtibus
1051 367 1277 398 claustralibus
1303 367 1410 397 nullus
1435 366 1610 397 advocatus
1640 377 1698 397 nec
1720 365 1827 406 aliqua
1852 376 1992 407 persona

353 420 506 451 secularis
536 422 642 461 preter
670 422 813 450 nostram
842 419 1005 461 propriam
1034 428 1207 460 personam
1237 417 1358 458 aliquid
1390 417 1466 447 iuris
1491 417 1544 448 vel
1576 416 1686 447 iudicii
1715 417 1837 448 habeat
1866 417 1935 448 sive
1960 417 1991 447 in

352 475 518 513 posterum
555 471 614 502 sibi
649 481 805 512 usurpare
841 473 1017 512 presumat.
1113 470 1161 511 (3)
1185 469 1341 500 Volumus
1372 469 1470 499 etiam
1499 472 1531 499 et
1560 469 1751 499 auctoritate
1782 469 1989 510 imperatoria
2032 479 2042 496 ⁵

353 522 535 554 mandando
559 522 761 564 precipimus,
786 526 944 563 quatenus
969 521 1152 563 quicunque
1177 521 1209 551 in
1233 520 1378 562 periculo
1403 521 1464 558 vite
1489 521 1683 550 constitutus
1709 520 1740 551 in
1757 520 1885 550 domum
1904 520 1991 550 clau-

352 576 483 606 stralem
509 575 699 615 confugerit,
723 574 768 605 ibi
793 574 832 605 ab
856 574 943 604 omni
968 577 1177 615 persecutore
1203 576 1234 603 et
1258 572 1362 603 iudice
1381 582 1512 602 securus
1529 574 1728 613 permaneat,
1753 583 1812 603 nee
1830 571 1903 602 inde
1920 582 1992 602 cum

351 627 519 668 quisquam
546 626 704 657 violenter
728 625 865 656 educere
890 628 1064 667 presumat.
1089 635 1148 655 nee
1177 624 1294 665 aliquis
1318 626 1428 665 preter
1452 624 1557 665 ipsum
1583 623 1773 654 canonicum
1794 624 1934 664 aliquem
1953 623 1992 654 de

353 679 475 710 familia
509 678 654 709 canonici
690 677 819 708 iudicet.
914 677 960 718 (4)
992 676 1245 708 Considerantes
1275 679 1435 717 preterea,
1471 675 1555 716 quod
1588 675 1761 706 thesaurus
1796 679 1828 706 et
1862 678 1992 706 ornatus

350 731 483 768 ecclesie
507 729 722 760 Goslaricnsis
747 739 805 770 per
828 728 1026 759 diversorum
1050 728 1214 759 hominum
1238 727 1409 768 petitiones
1435 727 1476 758 ad
1500 726 1779 768 impignorandum
1803 727 1990 768 frequenter

355 781 489 813 concedi
513 781 640 812 solebat
664 783 696 811 et
720 780 765 811 sic
789 790 943 822 processu
972 779 1128 821 temporis
1157 779 1189 809 in
1213 778 1407 809 oblivionem
1434 778 1550 809 cadere
1575 781 1607 809 et
1631 778 1670 809 ab
1695 779 1833 810 eeclesia
1857 779 1993 820 contigit

351 833 493 870 alienari,
525 836 649 863 mature
680 835 774 873 prout
803 834 913 862 nostra
941 831 1078 861 interest
1108 830 1277 860 consulere
1307 833 1339 860 et
1363 829 1467 860 eidem
1495 830 1627 868 ecclesie
1653 830 1799 861 sollerter
1821 830 1991 872 providere

350 886 504 924 volentes,
542 885 712 915 statuimus
747 887 780 914 et
813 883 1003 914 auctoritate
1036 882 1196 924 imperiali
1232 892 1269 912 ac
1304 881 1362 912 sub
1391 885 1524 923 optentu
1560 882 1661 922 gratie
1693 885 1800 920 nostre
1830 882 1991 913 canonicis

350 937 483 975 ecclesie
508 936 725 967 Goslariensis
749 938 814 966 tam
839 935 954 965 futuris
973 944 1067 975 quam
1090 933 1295 975 presentibus
1313 933 1458 964 districte
1476 934 1681 975 precipimus„
1706 933 1789 975 quod
1806 944 1864 964 nee
1883 937 1991 964 custos

352 1000 410 1020 nec
435 989 537 1019 vicem
563 987 703 1018 custodis
732 997 848 1028 gerens
873 997 931 1017 seu
960 986 1120 1027 quispiam
1145 985 1228 1016 alius
1261 988 1393 1026 propter
1416 984 1593 1026 aliquorum
1619 985 1809 1026 petitionem
1835 986 1885 1016 vel
1909 986 1990 1016 forte

350 1040 533 1071 instantiam
558 1039 768 1080 burgensium
793 1042 847 1069 aut
871 1038 1007 1069 aliorum
1031 1037 1247 1078 quorumlibet
1270 1037 1338 1067 sive
1357 1037 1455 1067 etiam
1472 1040 1615 1068 nostram
1633 1037 1803 1078 quicquam
1821 1037 1859 1068 de
1877 1040 1992 1068 ornatu

351 1092 486 1130 ecclesie
511 1091 727 1122 Goslariensis
752 1089 979 1132 exponendum
1005 1089 1167 1127 concedat,
1192 1099 1288 1130 quem
1312 1099 1371 1119 nee
1397 1089 1495 1120 etiam
1519 1099 1656 1130 persone
1680 1092 1786 1127 nostre
1811 1089 1850 1120 ad
1874 1089 1990 1131 impig-

350 1143 526 1174 norandum
550 1143 615 1173 ullo
634 1142 728 1173 modo
746 1141 877 1173 concedi
894 1141 1055 1172 volumus.
1138 1140 1186 1181 (5)
1211 1140 1295 1171 Illud
1317 1141 1412 1171 etiam
1430 1140 1582 1182 predictis
1600 1141 1760 1171 canonicis
1777 1141 1991 1182 indulgemus,

350 1199 384 1226 ut
418 1196 706 1236 quotienscumque
738 1194 902 1224 civitatem
928 1192 1180 1231 Goslarienseni‚
1210 1202 1305 1233 quam
1336 1203 1392 1233 pre
1422 1192 1537 1229 ceteris
1567 1192 1761 1223 honoramus
1793 1195 1824 1223 ct
1852 1193 1991 1234 amplec-

350 1248 454 1280 timur.
481 1247 602 1277 curiam
627 1257 688 1276 non
714 1245 908 1277 celebraturi
932 1245 1170 1278 intraverimus,
1195 1255 1306 1275 omnes
1326 1248 1433 1274 curtes
1451 1244 1642 1275 claustrales
1660 1245 1885 1275 canonicorum
1903 1245 1988 1275 vide·
2019 1252 2029 1270 2

350 1299 426 1329 licet
449 1298 583 1336 ecclesie
600 1298 819 1329 Goslaricnsis
843 1297 883 1327 ab
908 1297 1048 1327 omnium
1072 1296 1236 1337 hospitum
1261 1296 1313 1337 qui
1339 1296 1504 1326 nobiscum
1523 1297 1671 1327 venerint
1687 1297 1855 1327 mansione
1874 1297 1924 1327 vel
1943 1297 1990 1327 in-

351 1350 446 1381 troitu
472 1361 601 1392 prorsus
626 1350 784 1380 immunes
809 1349 961 1387 existant,
992 1358 1050 1379 nec
1075 1348 1245 1389 quisquam
1270 1347 1308 1378 dc
1333 1347 1455 1378 familia
1479 1351 1589 1378 nostra
1614 1348 1663 1378 vel
1688 1348 1770 1378 alius
1795 1349 1910 1390 aliquis
1936 1360 1991 1380 eos

350 1413 447 1444 super
469 1402 527 1432 hoc
544 1402 706 1432 ullatenus
727 1401 904 1442 inquietare
922 1404 1095 1441 presumat.
1134 1399 1167 1429 Si
1185 1410 1260 1430 vero
1278 1398 1318 1429 ad
1335 1399 1455 1430 curiam
1473 1399 1700 1431 celebrandam
1720 1400 1896 1442 predictam
1915 1401 1991 1431 civi-

350 1457 449 1485 tatem
476 1464 532 1484 nos
557 1453 646 1484 adire
671 1452 851 1493 contigerit.
877 1452 1074 1482 marscalcus
1092 1451 1159 1481 sive
1177 1451 1373 1481 camerarius
1391 1454 1501 1481 noster
1517 1452 1548 1481 in
1566 1452 1653 1482 curia
1671 1452 1834 1482 claustrali
1852 1452 1993 1494 aliquem

2020 737 2043 755 lo

350 1517 390 1536 ex
414 1505 611 1546 principibus
637 1503 761 1535 locandi
786 1506 981 1545 potestatem
1006 1503 1134 1541 habeat,
1159 1503 1203 1533 ita
1227 1505 1345 1539 tamen,
1370 1506 1404 1533 ut
1425 1503 1493 1533 sine
1512 1504 1696 1544 equitatura
1714 1507 1746 1534 et
1762 1504 1885 1545 absque
1904 1504 1989 1534 omni
2018 1515 2040 1533 ‘2⁵

349 1557 472 1588 lesione
507 1560 539 1588 et
575 1555 776 1587 incommodo
808 1555 978 1586 domestici
1013 1555 1168 1585 decenter
1202 1554 1233 1584 in
1267 1554 1380 1585 cadem
1416 1554 1509 1585 domo
1546 1559 1685 1587 maneat.
1781 1555 1829 1597 (6)
1861 1556 1992 1587 Perlata

350 1620 476 1651 quoque
509 1608 549 1640 ad
581 1619 639 1639 nos
672 1608 929 1650 importunitate,
963 1617 1057 1648 quam
1088 1607 1120 1637 in
1150 1607 1235 1637 bona
1265 1607 1397 1644 ecclesie
1429 1610 1538 1637 nostre
1570 1607 1788 1638 Goslariensis
1819 1607 1990 1649 aliquando

350 1672 505 1692 exercere
536 1662 801 1702 presumpserunt
829 1658 988 1696 advocati,
1020 1659 1071 1689 vel
1102 1659 1319 1689 villicationes
1350 1659 1419 1689 eius
1448 1658 1595 1698 locando,
1625 1659 1707 1700 quod
1737 1659 1835 1690 nichil
1861 1660 1901 1690 ad
1925 1670 1991 1697 eos,

350 1714 401 1744 vel
426 1713 624 1744 hereditates
650 1713 785 1743 litonum
809 1711 940 1749 ecclesie
965 1711 1027 1741 sibi
1050 1710 1246 1752 usurpando,
1272 1711 1323 1741 vel
1348 1711 1444 1741 etiam
1470 1721 1600 1741 mansos
1625 1711 1759 1749 ecclesie
1784 1712 1875 1742 novis
1893 1711 1991 1742 collo-

351 1765 452 1796 cando
477 1765 608 1799 colonis.
634 1775 691 1794 nos
716 1763 773 1801 hec
798 1763 910 1793 illicita
933 1762 973 1793 de
998 1765 1108 1793 cetero
1134 1762 1201 1793 fieri
1219 1763 1383 1793 autentico
1408 1762 1618 1803 prohibentes
1635 1762 1751 1795 edicto.
1777 1764 1896 1794 nullam
1919 1774 1989 1804 per-

352 1817 506 1847 mittimus
531 1816 696 1847 advocatis
721 1815 759 1846 ad
786 1815 861 1845 talia
892 1814 1108 1856 perpetranda
1140 1818 1345 1855 potestatem.
1393 1815 1472 1844 (lum
1498 1815 1582 1845 enim
1607 1814 1646 1845 de
1671 1816 1738 1846 iure
1764 1815 1992 1846 advocatorum

351 1879 459 1899 coram
485 1869 577 1899 nobis
602 1868 631 1898 in
662 1867 781 1909 palatio
807 1866 1009 1897 Goslaricnsi
1034 1867 1160 1907 questio
1185 1870 1377 1901 moveretur,
1408 1866 1446 1897 de
1472 1867 1633 1897 communi
1658 1868 1835 1908 principum
1860 1867 1992 1898 consilio

353 1921 584 1951 sententiatum
609 1921 681 1951 fuit:
708 1918 791 1960 quod
818 1919 848 1948 in
874 1918 965 1949 bonis
983 1918 1190 1955 ecclesiarum
1209 1918 1357 1948 advocati
1382 1918 1479 1948 nichil
1505 1918 1580 1948 iuris
1598 1918 1764 1954 haberent,
1790 1919 1850 1950 nisi
1868 1922 1992 1949 tantum

350 1973 381 2002 in
417 1972 518 2003 tribus
552 1971 686 2009 casibus,
720 1972 750 2003 in
780 1971 865 2001 furto
891 1969 1051 2007 videlicet,
1083 1970 1115 2000 in
1144 1981 1252 2012 pugna
1276 1974 1307 2000 et
1336 1970 1368 2000 in
1393 1973 1497 2011 raptu,
1530 1973 1562 2001 et
1587 1981 1698 2001 omnes
1723 1971 1782 2008 alie
1806 1970 1992 2011 questiones

353 2027 462 2055 essent
486 2024 525 2054 ad
550 2034 740 2064 yconomum
766 2034 823 2054 seu
847 2022 989 2053 villicum
1018 2022 1152 2060 ecclesie
1176 2021 1352 2059 referende.
1442 2023 1490 2062 (7)
1515 2021 1581 2052 Nos
1607 2033 1684 2063 ergo
1711 2022 1990 2053 commoditatibus

354 2075 500 2106 eiusdem
525 2075 657 2113 ecclesie
682 2075 888 2106 consulentes
913 2073 1148 2109 constituimus.
1174 2077 1209 2103 ut
1233 2083 1333 2115 super
1358 2074 1441 2104 bona
1466 2084 1525 2104 sua
1548 2084 1608 2114 que
1633 2078 1707 2104 sunt
1724 2074 1755 2104 in
1772 2074 1847 2104 villa
1864 2073 1991 2113 Werre,

352 2138 409 2157 seu
443 2127 506 2157 alia
534 2137 733 2168 quecumque
764 2127 795 2156 in
827 2129 990 2167 posterum
1020 2125 1101 2162 iuste
1125 2125 1347 2166 acquisitionis
1373 2125 1464 2155 titulo
1496 2126 1613 2167 poterit
1637 2126 1782 2167 adipisci,
1814 2137 1910 2157 onere
1935 2125 1991 2156 ad-

352 2182 539 2209 vocatorum
565 2179 717 2214 carentia,
743 2188 836 2208 nemo
862 2177 979 2208 debeat
997 2177 1172 2207 advocatus
1196 2177 1308 2207 haberi
1334 2187 1392 2207 nec
1418 2177 1499 2207 alius
1526 2188 1624 2218 quam
1650 2188 1825 2218 yconomus
1850 2178 1991 2215 ecclesie,

352 2231 403 2261 0111
428 2231 600 2261 commissa
624 2230 753 2267 fuerint,
783 2229 903 2270 aliquid
928 2229 959 2259 in
985 2229 1030 2259 cis
1056 2228 1225 2259 ordinandi
1250 2231 1410 2269 potestate
1434 2228 1627 2270 perfruatur.
1717 2228 1765 2270 (8)
1791 2228 1871 2260 Cum
1896 2230 1991 2270 igitur

351 2282 413 2312 iam
438 2282 604 2323 sepedicta
628 2282 774 2319 ecclesia.
800 2281 890 2311 cuius
916 2281 1099 2311 libertatem
1132 2281 1266 2321 gloriam
1293 2291 1406 2318 corone
1430 2285 1538 2318 nostre
1563 2284 1759 2322 reputamus.
1791 2281 1989 2312 solummodo

351 2334 390 2364 ad
425 2344 483 2364 nos
517 2334 635 2365 habeat
668 2336 860 2375 respectum,
896 2332 970 2365 ideo
1001 2333 1150 2363 stabilius
1180 2333 1211 2362 in
1242 2343 1299 2362 suo
1334 2332 1403 2363 iure
1435 2331 1658 2363 desideramus
1690 2343 1761 2363 eam
1790 2343 1991 2374 permanere,

351 2386 497 2416 nolentes
522 2388 556 2415 ut
574 2385 690 2426 aliquis
709 2385 740 2415 in
758 2395 828 2415 eam
846 2384 1061 2425 potestativas
1078 2394 1193 2414 manus
1211 2383 1366 2414 extendat
1386 2388 1417 2414 et
1434 2387 1468 2414 ut
1486 2384 1592 2414 nullus
1610 2384 1834 2425 episcoporum
1852 2384 1991 2425 aliquem

352 2437 390 2467 de
420 2436 580 2467 canonicis
610 2436 745 2474 ecclesie
770 2435 988 2467 Goslariensis
1019 2435 1319 2466 excommunicandi
1352 2436 1402 2466 vel
1428 2435 1533 2465 divina
1564 2435 1682 2465 ibidem
1707 2435 1898 2477 prohibendi
1923 2435 1991 2465 sine

352 2488 485 2518 consilio
510 2491 542 2518 ct
566 2488 750 2518 coniventia
774 2494 883 2518 nostra
907 2492 1103 2529 potestatem
1128 2488 1256 2520 habeat.
1288 2488 1492 2519 decernimus
1518 2492 1550 2519 et
1574 2488 1802 2519 inviolabiliter
1827 2489 1990 2519 observari

351 2540 554 2581 precipimus.
645 2539 691 2580 (9)
715 2539 947 2570 Verumtamen
972 2540 1075 2581 culpis
1104 2539 1318 2581 predictorum
1344 2540 1570 2571 canonicorum
1596 2539 1767 2580 aliquando
1793 2540 1988 2571 merentibus

352 2590 481 2632 dignam
512 2602 590 2632 erga
620 2592 705 2632 ipsos
735 2591 964 2632 indignationis
995 2591 1163 2622 materiam
1194 2591 1266 2622 indo
1299 2593 1515 2633 concepimus,
1547 2591 1631 2633 quod
1663 2592 1826 2633 antiquam
1858 2595 1890 2622 et
1914 2602 1988 2623 con-

352 2646 476 2673 suetam
510 2642 727 2673 Goslariensis
763 2643 897 2680 ecclesie
930 2643 1115 2674 libertatem
1152 2643 1189 2673 de
1224 2654 1305 2673 novo
1336 2643 1464 2674 turbare
1495 2646 1766 2684 presumpserunt,
1802 2653 1928 2674 servam
1958 2646 1991 2673 et

352 2694 553 2725 tributariam
583 2694 670 2725 illam
699 2694 807 2725 facere
832 2695 988 2733 volentes7
1021 2694 1096 2724 dum
1128 2695 1271 2735 legatum
1297 2695 1416 2725 domini
1441 2695 1612 2736 apostolici
1637 2698 1726 2725 tanta
1749 2697 1784 2725 ut
1808 2694 1988 2724 audivimus

351 2746 534 2776 reverentia
557 2746 589 2776 in
613 2746 727 2776 eadem
751 2746 887 2784 ecclesia
911 2749 1112 2787 receperunt⁷
1138 2747 1307 2787 pecuniam
1326 2757 1416 2777 suam
1434 2747 1481 2776 illi
1499 2746 1711 2784 conferentes,
1737 2746 1844 2776 divina
1861 2755 1988 2787 quoque

353 2797 553 2828 auctoritatis
578 2797 647 2828 eius
672 2797 841 2829 interdicto
866 2797 1075 2829 dimittentes.
1123 2797 1206 2833 Quia
1231 2808 1306 2829 vcro
1325 2797 1541 2829 Goslariensis
1566 2798 1715 2836 ecclesia,
1739 2800 1773 2828 ut
1790 2796 1909 2828 dictum
1928 2799 1986 2835 est,

2020 1773 2030 1790 3
2033 1773 2044 1789 k)

2019 2288 2043 2305 «10

2018 2546 2041 2563 45

2017 2808 2041 2825 50
